2960 4684
575 409 813 466 suessoni.
923 427 924 434 κ
1189 395 1209 470 5

177 505 330 590 'satusque
339 493 479 590 periculo
491 494 608 564 iteratas
618 494 778 570 solutionis
788 551 797 581 ,
809 496 942 570 delendo
952 497 1211 597 chirographum,

182 593 337 663 aronendo
351 591 489 670 haeredes
501 605 536 658 ut
548 590 731 660 solutionem
744 618 807 665 non
819 593 988 688 accipiant,
1004 600 1120 682 etc.(e)⁴

225 694 259 755 5⁰
271 688 321 756 Ut
344 686 511 780 accipiatur
530 712 579 754 res
595 686 759 758 creditoris
772 705 802 758 et
823 689 967 784 quidem,
983 696 1131 784 quantiam
1145 693 1213 762 leri

173 798 298 884 potest,
307 783 339 851 in
350 784 458 852 eidem
468 781 571 876 specie
582 807 650 875 quae
662 783 804 855 debetur.
816 785 875 854 Jus
886 785 967 855 enim
978 785 1072 856 hebet
1086 788 1213 857 debitor

184 892 220 945 ut
246 903 306 946 non
330 879 394 946 liat·
407 879 611 972 permutatio,
627 878 910 975 restituendumque
934 883 1106 978 ipsismet,
1125 884 1153 952 si
1169 910 1212 952 ex

183 974 408 1066 permutatione
422 974 570 1048 damnum
585 989 665 1046 esset
682 998 789 1067 passus
799 1029 807 1060 ,
819 980 891 1044 cium
900 975 990 1047 aliter
1004 979 1212 1074 compensatio

181 1067 251 1134 {ieri
264 1071 449 1160 poterat(cl).
1307 1142 1310 1150 Ι

223 1167 258 1229 6⁰
275 1165 321 1233 Ut
332 1164 446 1246 vitetur
456 1164 491 1232 id
501 1166 640 1232 omne'ex
651 1189 714 1260 quo
723 1182 825 1260 perse
839 1182 869 1236 et
882 1169 1037 1237 exnaturd
1046 1167 1093 1244 rei
1101 1165 1213 1266 ‘seque-

179 1273 267 1342 retur
277 1260 424 1334 damnum
438 1259 625 1344 alteriusd).

214 1417 250 1481 (a)
261 1412 322 1468 cim
333 1414 390 1480 ergo
399 1419 482 1468 locum
491 1431 540 1472 non
551 1417 627 1468 babet
636 1418 793 1480 baeceeffnla,
804 1421 904 1469 indubio
914 1422 996 1472 metior
1003 1422 1051 1480 cst,
1064 1421 1113 1476 ete,
1122 1454 1130 1482 ‚
1140 1422 1210 1472 sida·

180 1487 224 1536 tur
233 1488 287 1535 beri
300 1500 370 1548 posse
385 1489 609 1548 compensationem
617 1499 666 1546 pro,
671 1489 766 1538 ratione
775 1489 854 1538 dubii.
865 1491 949 1539 Potest
954 1490 1021 1542 enim
1030 1490 1084 1538 lieri
1095 1504 1211 1552 compen·

181 1558 244 1605 satio
253 1558 278 1605 ln
290 1569 320 1604 eo
330 1553 396 1618 qubrl
406 1559 470 1608 alter
480 1554 548 1604 cerlo
559 1557 641 1606 debet.
653 1557 742 1616 Atqui,
756 1557 782 1611 in
793 1557 858 1606 dicto
869 1571 942 1618 casu,
953 1555 1020 1607 certb
1030 1559 1105 1608 debet
1113 1561 1210 1621 aliquid

181 1636 228 1686 pro
238 1626 332 1679 satione
341 1625 426 1685 dubii,
437 1629 463 1674 et
473 1623 514 1672 bic
523 1625 573 1672 dici
584 1637 655 1685 posse
665 1625 766 1673 videtur
777 1637 784 1672 s
795 1626 904 1676 Debitum
915 1629 1029 1676 tuccetum
1044 1628 1123 1692 mame
1139 1631 1210 1678 redu-

180 1697 244 1742 citur
255 1697 279 1742 iu
289 1695 389 1743 debitum
401 1696 489 1742 certum
499 1697 585 1741 minuc.
602 1693 731 1753 Suppono,
743 1706 768 1742 r.
783 1706 816 1753 a„
828 1690 893 1754 quoa
908 1696 990 1743 certus
1006 1696 1037 1743 de
1052 1697 1209 1759 possessione

180 1763 289 1822 alicujus
297 1763 348 1822 rei,
359 1763 472 1818 dubitem
483 1774 513 1809 an
524 1774 565 1809 me
575 1760 632 1820 erga
644 1763 764 1822 alterum,
776 1764 806 1810 ob
822 1763 884 1810 banc
895 1777 947 1811 rem
953 1797 962 1822 ,
973 1764 1005 1812 ad
1015 1765 1108 1825 aliquid
1117 1765 1210 1827 obliga-

182 1833 273 1891 verlm,
284 1831 361 1880 debeo
372 1833 418 1892 ipsi
428 1844 472 1892 pro
482 1831 579 1883 salione,
587 1831 668 1890 dubii,
679 1835 728 1880 etc.
737 1831 787 1879 Sed
798 1832 844 1879 boc
851 1833 953 1893 plenum
961 1833 1076 1893 periculi.

211 1901 286 1948 Nota:
298 1901 334 1947 0b
345 1901 408 1947 llanc
418 1899 602 1960 primamjustae
618 1900 822 1960 compensationis
841 1901 1021 1959 conditionem,
1040 1901 1155 1954 daranata
1170 1903 1210 1953 est
1241 1911 1245 1918 ·

181 1973 213 2016 ab
222 1970 365 2017 Innocentio
378 1970 411 2015 xl
425 1969 477 2018 baec
496 1969 647 2029 propositioa
663 1970 759 2017 Famula·
769 1972 791 2016 et
806 1970 901 2029 tomulo
916 1971 1044 2018 dosuesta'cm
1058 1973 1210 2030 poematos-

180 2033 242 2084 culit
252 2038 314 2086 trecis
321 2039 436 2104 cumipere
445 2039 477 2086 od
486 2039 682 2099 componendum
693 2049 763 2086 mum
776 2050 873 2099 operum
885 2050 957 2100 quain
974 2038 1089 2100 mojorem
1100 2037 1209 2100 judicant

182 2107 273 2154 solorio
283 2138 291 2162 ,
303 2106 352 2152 etc.

215 2173 234 2218 Α
246 2171 341 2220 fortiori
353 2183 400 2218 sorr
410 2173 509 2232 possunt
518 2171 606 2220 lamull
616 2171 663 2219 sibi
675 2183 832 2232 compensare
846 2173 892 2220 snb
905 2172 1029 2233 praetextu
1041 2166 1107 2233 qudd
1120 2183 1153 2220 ex
1164 2184 1209 2220 ne·

180 2238 296 2292 cessitate
308 2241 387 2300 pretio
397 2241 485 2288 leviori
494 2239 610 2290 conducti
626 2241 684 2288 sint.
700 2241 837 2292 Necessitas
852 2241 919 2290 enim
933 2241 1069 2289 communis
1081 2241 1155 2301 auget
1166 2240 1209 2290 ves

178 2309 273 2358 minuit
281 2304 364 2356 seium
374 2311 491 2369 pretium.
503 2305 572 2358 Unde
581 2305 638 2358 edm
646 2319 740 2358 merces
751 2310 869 2360 ultronea
879 2311 1016 2370 vilescant,
1025 2311 1086 2364 item
1096 2310 1122 2358 et
1132 2309 1209 2357 albo

179 2389 234 2427 aeas
245 2389 335 2438 opere.
352 2379 431 2428 Aliter
446 2379 524 2440 esset,
540 2379 562 2427 si
575 2379 708 2430 nuestus
720 2378 797 2427 tuerit
811 2379 979 2440 particularis.
999 2379 1048 2427 Sed
1063 2391 1113 2426 non
1133 2371 1207 2427 fusile

179 2448 264 2496 serbis
273 2447 395 2496 credatur.
984 2445 988 2452 '

135 2559 137 2566 ,
166 2569 170 2574 ,
210 2517 301 2564 Eadem
311 2516 350 2564 dic
362 2518 393 2564 de
405 2516 540 2577 operariis,
549 2517 696 2578 arnncrbm,
708 2517 856 2578 sartoribus,
866 2517 931 2576 eta,
947 2514 1006 2577 nui,
1021 2516 1068 2564 sab
1082 2515 1208 2583 paetextn

180 2585 401 2666 compensationis,
420 2585 537 2645 reliquias
551 2587 599 2634 sibi
613 2586 794 2645 retinen13nisi
815 2586 877 2634 tales
894 2578 983 2633 sintnt
997 2597 1038 2632 eas
1055 2598 1104 2633 nou
1118 2585 1208 2633 curent

180 2651 290 2713 domini,
301 2655 345 2702 ant
354 2654 422 2702 allud
430 2655 471 2714 jus
482 2655 602 2716 habeant,
614 2649 676 2704 torte
686 2689 694 2717 ,
705 2668 730 2704 s.
745 2667 769 2717 a.
784 2654 903 2718 temporis
919 2653 1040 2716 jacturam
1059 2655 1086 2701 in
1096 2653 1207 2702 emendis

180 2722 315 2770 mercibus.
830 2739 834 2746 >
944 2743 954 2760 ·

210 2790 327 2856 Quamvis
337 2789 491 2838 dominorum
499 2788 576 2851 magis
585 2787 660 2852 odim
671 2791 820 2846 tenuiorum
827 2791 920 2851 iudicio
928 2788 1080 2844 credendum
1089 2790 1134 2850 sit3
1146 2793 1208 2838 atta·

181 2869 251 2918 men,
263 2861 282 2906 si
296 2859 419 2906 laboribus
424 2860 638 2921 extraordinariis,
649 2861 680 2908 ad
690 2875 751 2921 quus
761 2873 815 2908 seso
826 2873 874 2908 non
884 2859 1047 2921 obligassent,
1058 2857 1144 2907 lamull
1153 2863 1208 2919 gra·

181 2929 310 2986 vacentur,
322 2928 368 2985 laos
379 2941 481 2975 excessu
488 2930 554 2976 beris
565 2931 752 2991 repraesentato,
762 2931 781 2976 si
793 2930 819 2976 lsi
829 2930 945 2977 salarium
956 2941 1046 2989 augere
1057 2929 1151 2992 nolint,
1172 2927 1207 2975 ta·

180 2997 242 3044 muli
254 2999 357 3055 exeatrt3
369 2999 394 3045 ct
405 2997 426 3044 si
438 2999 508 3046 exire
519 3000 645 3058 nequeant
655 3000 709 3046 sine
719 2999 787 3058 gravi
799 2998 952 3046 incommodo
960 3032 968 3058 ,
976 2993 1046 3057 jusu
1056 2998 1147 3046 multos
1157 3009 1207 3045 non

180 3068 284 3194 pepcant
293 3067 341 3113 sibi
352 3067 540 3127 compensando,
551 3067 600 3116 Sed
609 3051 649 3116 iric
658 3063 729 3116 cautis
737 3067 930 3134 procedendum.
944 3069 994 3117 b'ec
1005 3067 1092 3116 lamuli
1108 3065 1158 3114 siut
1167 3065 1207 3113 sul

191 3145 207 3180 a
225 3135 283 3180 ices.
746 3142 748 3146 ·
886 3138 889 3154 ’

211 3202 246 3263 tt)
261 3204 324 3250 llinc
339 3202 381 3264 qui
390 3194 474 3254 dificia
484 3202 591 3263 malm&
601 3206 716 3265 praestare
731 3205 798 3253 visus
809 3205 860 3266 cst,
879 3216 928 3252 non
939 3203 1083 3264 messano
1104 3201 1137 3248 ils
1155 3199 1207 3250 sibi

180 3283 346 3333 compensare,
357 3274 404 3320 nisi
416 3271 545 3333 prae‘metu
557 3275 623 3332 gravi
637 3277 679 3322 aut
690 3275 777 3324 timore
789 3273 949 3321 reuerentiali
961 3271 1038 3318 unctui
1050 3269 1118 3328 gravi
1128 3268 1207 3330 asqui-

180 3340 274 3391 saisisti
284 3373 291 3400 ,
300 3341 386 3399 petere
397 3343 460 3388 nillil
472 3353 545 3388 ausus
556 3342 602 3398 sit,
611 3355 658 3388 nec
672 3341 753 3386 otbcia
769 3350 898 3400 recusare,
909 3338 935 3384 et
944 3349 1018 3396 grave
1032 3339 1115 3386 minen
1129 3338 1156 3385 iu
1166 3336 1207 3386 lt·

179 3409 323 3470 prestantis
333 3411 449 3464 stamnum
457 3421 542 3468 passas
552 3411 588 3457 sit
596 3410 627 3455 ob
637 3409 756 3467 temporis
765 3406 900 3468 iacturam,
909 3407 958 3454 etc.

211 3477 244 3540 (c)
257 3475 307 3526 lmb
317 3477 457 3536 monendo,
471 3479 491 3525 si
503 3477 618 3537 possibile
626 3471 771 3536 mmmdcc,
781 3475 860 3537 ipsum
875 3475 1011 3524 debitorem
1027 3475 1138 3524 debitum
1150 3484 1206 3522 ossa

178 3548 318 3596 extinctum
329 3547 372 3594 aut
383 3547 560 3604 condonatum3
572 3546 619 3594 sed
631 3542 709 3592 solnm
721 3558 753 3592 ex
764 3546 882 3594 charitate
894 3545 960 3593 adid
974 3545 1074 3593 tenetur
1085 3544 1205 3605 creditor,

178 3614 262 3673 inquit
271 3615 374 3673 listina,
386 3616 460 3674 quta,
476 3615 496 3661 sl
507 3614 618 3662 iteratam
626 3612 772 3662 solutionem
783 3615 888 3675 accipiat
897 3615 1003 3674 inscius,
1013 3614 1041 3662 tlt
1051 3612 1206 3674 everrietper

178 3683 302 3730 accidens.
311 3685 338 3730 ln
351 3682 501 3746 contrarium
510 3684 615 3731 inclinat
631 3683 739 3743 Dolugo‚
751 3684 849 3732 latendo
861 3685 942 3730 tamen
959 3694 1063 3743 parvum
1074 3691 1127 3728 esse
1136 3675 1205 3739 peri·

178 3752 263 3800 culum
274 3753 369 3801 iteratas
380 3747 518 3806 solutionis.
530 3748 655 3814 Quidquid
662 3754 705 3815 sit,
715 3754 802 3801 saltem
814 3765 847 3800 ex
858 3753 978 3801 charitate
989 3748 1205 3798 monendusvide

178 3830 238 3868 mox
248 3821 407 3882 dicenda,b'⁰
417 3822 476 3883 tlt,
488 3839 512 3871 o.
1158 3828 1163 3837 '
1196 3835 1198 3840 ·

210 3887 246 3950 (d)
260 3890 325 3944 Fieri
335 3891 585 3953 potesteompensatio
596 3888 622 3938 in
632 3903 659 3940 rs
671 3890 702 3946 ad
712 3889 818 3939 alterum
828 3888 855 3936 in
865 3889 955 3937 donum
966 3886 1008 3934 aut
1019 3886 1045 3932 br
1056 3883 1203 3936 solutionem

179 3956 535 4020 denominationum
552 3961 595 4023 qui
607 3960 696 4012 debeat
707 3955 763 4009 anti
783 3959 826 4008 aut
835 3969 869 4006 ex
886 3969 956 4019 aquo
969 3956 1097 4016 accipere,
1113 3952 1139 3999 et
1160 3951 1204 4014 tfll¹
