2974 4678
154 383 158 394 ,
259 345 327 436 148
512 365 566 416 ua
585 362 774 416 ssurrno
791 357 1031 414 nuncnune

298 451 371 520 562.
390 448 625 520 Meiiorationcs
636 502 646 534 ‚
657 443 736 517 sicut
749 461 780 516 et
797 445 1060 516 deterioratione
1070 467 1140 536 qne
1155 440 1202 510 rei
1219 467 1287 510 evn-

251 546 322 615 nire
334 563 474 641 possunt,
487 561 557 614 sunt

184 631 194 646 ”
219 671 223 680 .
296 641 360 711 vei
384 639 576 724 intrinsecae,
600 655 635 708 ut
656 640 733 706 disin
747 637 845 706 resin
859 651 1024 707 semutata
1046 635 1081 703 fit
1099 627 1214 703 melior
1236 627 1286 702 vei

253 735 408 818 deterior,
426 751 460 804 ut
471 735 497 804 si
508 735 610 828 pullus
633 733 744 804 evadat
760 758 868 827 equus,
886 747 938 800 aut
953 756 1049 825 equus
1060 754 1165 798 macer
1175 730 1240 798 iiat.

296 830 359 900 Vel
370 826 565 912 extrinsece,
574 833 646 896 crim
658 854 706 896 res
720 854 848 898 mancus
861 827 981 901 eadem,
991 825 1090 922 pluris
1102 838 1218 906 nmen,
1233 823 1284 894 vel

252 927 381 995 minoris
394 926 577 1008 aestimatur,
590 923 715 993 mutetis
730 922 978 993 circumstantiis.
1048 987 1051 992 .

291 1021 336 1090 Et
349 1020 463 1119 duplex
473 1021 583 1089 itidem
600 1018 688 1089 valor
702 1019 762 1090 rei·

648 1184 852 1238 indictitiis
867 1187 888 1235 1.

472 1323 510 1374 lto
521 1322 558 1373 rei
568 1321 656 1372 alienes
666 1333 805 1384 possessore
820 1320 891 1370 bone
901 1317 960 1368 iidei
972 1316 1037 1383 (55⁰
1046 1317 1067 1381 i.

251 1501 254 1510 ·
292 1471 367 1538 563.
393 1463 567 1536 Possesson
592 1465 682 1535 bonae
711 1464 783 1532 fidei
810 1455 972 1532 restituere
988 1455 1109 1532 tenetur
1128 1461 1281 1558 ‹pridquid

250 1562 324 1632 boni
335 1561 428 1632 aiieni
442 1563 535 1630 habet
549 1561 583 1628 in
596 1585 630 1629 se
643 1561 692 1630 vel
705 1559 739 1627 in
752 1557 960 1650 aequivalenti,
971 1558 1109 1655 aiioquin
1120 1585 1182 1628 non
1192 1579 1281 1656 repo·

249 1674 374 1728 neretur
392 1656 564 1750 aequaiitas.
1047 1701 1049 1708 ,

291 1753 330 1821 ln
347 1751 541 1850 aequivalenti
562 1765 665 1819 autem
692 1747 785 1816 habet
799 1747 853 1842 qui
880 1774 918 1817 ex
942 1747 1093 1818 resilient
1119 1750 1218 1820 factus
1234 1767 1281 1820 est

249 1847 344 1916 ditior
355 1863 502 1940 tanquam
517 1873 554 1916 ex
562 1848 673 1928 causi,
685 1870 747 1913 non
761 1849 837 1938 pur'e
849 1845 1083 1914 occasionaliter
1091 1847 1153 1931 (a),
1205 1845 1207 1850 ’

290 1944 393 2036 Ergo,
408 1943 435 2014 si
444 1967 494 2012 res
504 1937 623 2024 aliens,
635 1937 766 2011 durante
779 1941 858 2008 boni
869 1941 945 2024 tide,
958 1942 1040 2035 apud
1051 1963 1278 2037 possessorem,

250 2039 345 2108 etiam
359 2040 452 2135 culpi
466 2039 564 2135 ipsius
578 2052 770 2135 perennent
785 2037 825 2104 ab
838 2035 908 2131 ipso
925 2037 1130 2132 prodigaliter
1153 2037 1281 2131 dissipe-

250 2151 319 2214 tur,
343 2161 406 2202 non
431 2151 551 2204 tenetur
571 2134 751 2215 restituere,
764 2132 836 2226 quia
849 2148 961 2227 putans
981 2157 1090 2216 suam,
1104 2157 1229 2206 serrare
1241 2157 1279 2202 cx

248 2228 367 2322 justitid
379 2254 442 2296 non
455 2230 615 2297 tenebatur
633 2230 712 2314 (ὁ).1
770 2262 774 2266 ·
847 2251 850 2256 ·

281 2383 318 2456 (u)¹
330 2394 361 2443 ut
371 2394 472 2455 si,rem
481 2393 610 2442 alienando
621 2391 716 2454 aliquid
737 2391 949 2454 acquisierit,·aut
965 2401 1021 2440 eam
1041 2390 1211 2441 consumendo
1225 2394 1278 2442 suis

248 2463 397 2524 pepercerit,
408 2465 451 2511 aut
459 2462 571 2510 douaudo
581 2473 651 2508 suam
660 2463 781 2509 donasset.
790 2461 859 2520 Quod
872 2462 938 2508 enim
951 2460 1076 2522 pepercit,
1093 2462 1206 2511 succedit
1223 2457 1278 2510 ioco

248 2530 339 2590 aiieui;
350 2531 393 2579 sed
408 2529 429 2580 si
447 2529 545 2578 donirit
559 2541 612 2580 rem
623 2531 700 2589 ipsam
720 2531 843 2588 alienam,
853 2530 994 2579 donatarius
1005 2541 1059 2578 eam
1070 2528 1174 2578 reddere
1191 2530 1276 2579 debet.

247 2597 318 2659 Quod
335 2599 356 2647 si
376 2597 429 2648 rein
445 2599 551 2646 alienam
570 2597 748 2657 consumendo,
759 2599 811 2646 suis
827 2597 854 2645 in
870 2599 957 2656 majori
973 2599 1111 2660 quandhte
1122 2602 1277 2662 pepercerit,

248 2669 340 2718 suisscit
355 2667 383 2716 ut
398 2669 506 2716 valorem
520 2667 557 2716 rei
573 2667 661 2716 aiieuae
676 2667 805 2727 restituat3
822 2669 848 2722 et
858 2667 879 2716 si
893 2667 1021 2715 occasione
1033 2667 1070 2715 rei
1087 2665 1176 2715 alienat
1186 2679 1212 2716 se
1221 2679 1278 2716 cre-

247 2737 309 2786 dens
323 2735 485 2795 ditissimum,
501 2738 527 2783 et
543 2736 651 2783 alienam
669 2736 695 2783 et
709 2748 765 2783 suas
781 2736 973 2801 consumpserit,
986 2732 1020 2784 iti
1032 2736 1060 2784 ut
1071 2733 1119 2797 ipsi
1137 2747 1186 2784 non
1200 2738 1278 2788 restet

247 2806 296 2854 nisi
306 2804 372 2866 quod
381 2806 509 2864 certasset,
520 2805 541 2852 si
553 2805 659 2853 alienam
670 2817 720 2853 non
731 2805 867 2866 habuisset,
878 2805 910 2853 ed
924 2806 989 2854 nihii
999 2807 1108 2855 tenetur·

277 2873 325 2921 Sed
336 2873 357 2920 si
368 2872 443 2920 ditior
454 2873 532 2921 iaetus
542 2870 663 2923 sitacium
673 2875 801 2922 occasione
818 2876 855 2924 rei
871 2876 974 2936 aliene,
985 2877 1013 2924 ut
1031 2876 1052 2924 si
1071 2887 1154 2924 amore
1170 2887 1223 2925 reru
1233 2887 1278 2925 su-

210 2941 217 2954 ”
246 2940 321 3003 rendi
330 2937 429 3001 paretis
440 2941 549 3003 vixerit,
559 2941 589 2990 ad
598 2942 664 2990 uitii
673 2945 783 3003 tenetur,
794 2943 843 2991 nisi
851 2944 945 2993 adrem
955 2945 1063 2995 stienam
1072 2943 1224 2993 reddendam
1233 2945 1278 2994 aut

248 3009 409 3071 convalens.
874 3044 876 3054 .
927 3071 931 3076 ι

240 3069 244 3084 ’
278 3076 314 3142 (t)
325 3075 386 3139 Ergo
396 3077 487 3135 iterum
502 3091 607 3140 quirem
617 3079 738 3143 siieuanr,
754 3078 818 3130 boui
834 3082 955 3131 iideiernit
965 3093 979 3128 a
990 3081 1059 3144 iure,
1075 3093 1130 3130 ean
1144 3083 1277 3132 restituero

246 3147 321 3198 debet
332 3148 446 3208 domino,
456 3150 482 3196 et
491 3147 593 3208 quidem
606 3160 663 3196 cum
680 3149 747 3197 omni
757 3150 840 3198 valore
851 3163 896 3198 suo
905 3150 1012 3210 educit,
1020 3147 1112 3212 quippi
1123 3151 1166 3211 qui
1176 3152 1277 3198 auxerit

247 3227 291 3276 pro
302 3215 409 3264 domino.
418 3218 468 3266 lies
479 3217 545 3264 enirn
557 3216 638 3265 otieris
646 3216 735 3266 clamet
742 3217 841 3266 domino
852 3231 913 3277 suo,
923 3218 1022 3267 etiamsi
1033 3220 1073 3267 iur
1088 3232 1144 3267 earn
1154 3232 1204 3267 non
1221 3219 1277 3268 red·

245 3285 349 3335 didisset
362 3287 404 3334 aut
413 3286 479 3347 apud
487 3286 613 3334 domiuum
623 3285 754 3348 periisset,
763 3288 784 3336 si
796 3299 845 3336 nou
856 3287 944 3336 inisset
955 3288 1020 3336 iurto
1031 3290 1122 3338 abian.

276 3355 326 3403 Nec
336 3367 389 3402 rem
397 3353 521 3402 reddendo
530 3353 630 3403 domiuo
641 3389 649 3416 ,
660 3354 741 3416 potest
751 3367 784 3404 ex
794 3355 851 3416 jure
862 3357 968 3405 naturali
983 3359 1091 3417 pretium
1102 3357 1210 3406 solutum
1220 3360 1277 3408 oxi·

167 3463 169 3468 .
246 3433 318 3484 rere,
328 3423 386 3482 quia
396 3421 509 3470 domiuus
519 3435 570 3472 uon
581 3426 680 3473 tenetur
690 3437 744 3472 rem
754 3437 825 3474 suem
836 3437 935 3486 emere,
946 3427 995 3474 nisi
1008 3429 1091 3476 tamen

276 3490 301 3539 i⁰
311 3490 410 3550 emptor
421 3503 476 3538 eam
487 3492 577 3540 eruerit
595 3495 676 3552 pretio
686 3494 784 3544 modico
799 3495 829 3544 ut
838 3495 955 3544 redderet
972 3495 1087 3554 domino,
1105 3495 1216 3556 quiem
1226 3507 1277 3542 non

246 3558 372 3606 aliter-aut
381 3569 430 3605 uon
440 3558 488 3605 nisi
499 3555 571 3607 valde
582 3559 716 3616 diiircuiter
723 3564 907 3626 recuperasset,
916 3564 975 3626 quia
986 3565 1082 3612 utiliter
1092 3562 1166 3620 rescit
1180 3561 1274 3610 domini

245 3626 452 3686 absentisureeus
462 3626 598 3688 negotium.
618 3630 666 3678 sed
681 3630 702 3678 si
713 3629 822 3692 pretinm
832 3627 885 3680 iere
899 3633 994 3692 equale
1005 3629 1116 3689 dentrit,
1135 3629 1273 3691 adportent

246 3689 325 3742 solum
333 3693 407 3753 huius
417 3693 503 3755 pretii,
512 3694 608 3753 indicio
615 3697 766 3758 prudentum
776 3699 877 3748 tendor
888 3698 1013 3747 domiuus·

275 3762 326 3812 uisi
337 3760 384 3826 2⁰(
400 3762 444 3811 sed
452 3762 509 3822 iuro
518 3764 625 3826 positivo
635 3767 660 3828 )’,
671 3779 725 3816 rens
733 3767 824 3815 emerit
834 3765 998 3824 innundinis,
1006 3765 1055 3814 suit
1064 3763 1148 3825 uuit,
1164 3762 1226 3827 aut(
1239 3777 1273 3814 ex

238 3831 330 3903 codice
339 3829 478 3896 cir-2280)
493 3833 525 3882 ab
540 3835 639 3883 homine
651 3847 690 3882 res
700 3833 842 3892 summoti
861 3833 993 3883 vendente.
1011 3833 1071 3882 turs
1086 3834 1154 3881 euim
1174 3834 1225 3883 irasc
1246 3833 1273 3882 in

246 3899 310 3950 trotio
319 3901 418 3964 publico
428 3901 544 3964 tundam,
555 3902 673 3952 seranda
685 3905 752 3951 suut.
