2950 4680
199 410 204 419 ·
259 370 335 448 282,
411 391 467 446 nn
486 389 651 462 Qnruro
671 391 722 444 nr
744 388 881 446 snxro
903 388 1146 468 ermenero,

254 479 331 555 veri}
346 477 474 548 dubium
488 468 529 547 sit
550 499 601 549 ens
623 475 718 546 luisse
729 477 848 560 nullas,
864 477 897 545 iu
911 501 972 572 qno
987 498 1059 547 casu
1072 477 1161 560 Datus
1184 478 1284 570 soltltp
1320 535 1325 542 r

256 573 353 666 erigit
374 590 408 642 ut
428 573 652 644 sine·eramine
672 574 879 668 respondeant
900 573 1088 642 confessario
1105 575 1185 659 (nnn
1204 583 1286 642 sorn-

256 669 411 764 pnlosiirs)
425 668 639 760 interroganti.
657 669 765 738 Addat
779 669 840 736 lroc
854 668 1007 737 dlortlori
1022 667 1178 751 sulficere,
1194 669 1222 737 si
1232 677 1286 762 pu*
1338 735 1344 746 ,

174 822 179 831 .
256 769 325 832 reim
341 763 443 832 dubiae
453 765 514 835 sint
526 763 745 844 confessiones,
760 763 825 834 imi)
838 790 896 832 nee
906 763 941 832 id
951 765 984 832 in
994 764 1058 832 ullo
1072 765 1285 858 casureqniri,

254 861 330 954 quin
345 865 361 928 ὲ
376 865 482 928 eontra
496 858 608 941 vetari,
631 858 658 926 si
671 857 878 955 pr‘aeviclcatur
892 860 1061 955 scrupulos
1073 859 1147 927 inde
1167 860 1286 928 notabi-

157 1013 162 1028 .
253 952 504 1047 liter-augendos,
518 971 571 1023 aut
582 956 683 1023 soliun
697 953 735 1031 si,
753 970 786 1022 nt
797 952 890 1050 s'aepe,
902 954 1114 1050 inprudenter
1125 955 1296 1036 timeatur3'

252 1051 310 1121 sed
325 1043 397 1119 tnnc
412 1052 511 1144 ipsam
525 1049 699 1144 scrupulosi
712 1048 904 1121 voluntatem
916 1049 1123 1122 confessiones
1137 1049 1283 1136 iterandi,

255 1141 790 1219 confessionemessesuffietentem,
978 1214 984 1228 ἲ
1361 1143 1367 1152 ’

293 1241 471 1310 Concludet
490 1247 522 1310 ²⁰
545 1257 674 1335 peccata
687 1241 720 1313 iu
734 1239 981 1310 confessionibus
989 1242 1156 1336 praeteritis
1168 1243 1285 1314 omissa

197 1361 204 1374 ·
239 1331 483 1432 'inculpabiliter
495 1361 558 1404 non
572 1361 639 1405 esse
653 1335 826 1404 confitenda
847 1335 909 1404 nisi
919 1351 1043 1403 eertum
1062 1338 1103 1408 sit
1121 1343 1152 1404 1⁰
1165 1363 1203 1406 ca
1217 1362 1286 1410 esse

254 1433 416 1510 mortalias
434 1438 466 1496 2⁰
479 1455 541 1501 non
554 1430 650 1502 luisse
661 1457 718 1500 nec
729 1431 762 1498 in
775 1457 810 1500 se
822 1431 923 1500 necin
937 1428 1006 1498 aliis
1018 1432 1157 1520 ejusdcm
1169 1435 1284 1530 speciei

253 1529 412 1616 declarate
426 1531 494 1612 [66,
511 1531 555 1613 tl.
574 1527 618 1598 Et
632 1527 717 1598 idem
741 1525 909 1597 dicendum
923 1527 962 1596 de
983 1525 1053 1596 aliis
1068 1524 1189 1607 debite
1207 1531 1284 1600 alio·

254 1623 333 1716 quin
350 1625 485 1694 anxietas
499 1639 647 1716 perpetua
660 1646 697 1690 ac
711 1621 864 1690 cruciatus
880 1620 1093 1692 intolerabiles
1108 1626 1279 1696 evenirent.

254 1717 307 1790 Ex
318 1719 438 1788 dnobus
452 1718 542 1786 unalis
558 1717 660 1784 minus
675 1713 852 1810 eligendum
867 1719 930 1805 (α).

212 1807 217 1818 ’
296 1814 470 1884 Concludct
486 1819 520 1880 3⁰
533 1811 653 1880 nullum
664 1813 698 1882 in
710 1811 953 1883 confessionibus
970 1811 1135 1898 ordinariis
1147 1817 1284 1910 premit»

254 1909 383 1981 lendum
397 1935 524 1978 examen
539 1909 622 1978 circi
636 1935 671 1978 ea
684 1909 717 1976 in
731 1911 844 2002 quibus
859 1924 905 1978 est
919 1907 1094 2004 scrupulus,
1119 1910 1184 1980 imt
1198 1911 1283 1985 ciret

253 2008 353 2086 nulla,
366 2007 393 2076 si
404 2005 566 2101 scrupulus
575 2003 727 2098 generalis
738 2007 795 2084 site
806 2006 862 2074 sed
876 2004 997 2097 singula
1007 2005 1193 2076 declaranda
1203 2009 1281 2078 sicut

255 2119 414 2176 occurrent
423 2102 631 2182 memorien
640 2101 672 2168 in
681 2101 902 2193 geheresolirm
910 2100 1164 2194 peccataintema
1172 2104 1278 2174 dultia.

242 2246 252 2276 2
296 2198 493 2293 scrupulosis
518 2196 602 2264 circa
622 2213 749 2290 peccata
770 2196 894 2266 interna
918 2201 1024 2265 contri
1049 2197 1155 2286 fidem,
1180 2225 1279 2292 spem,

253 2291 596 2386 clrnritntempmrimi,
619 2291 813 2374 castitatem,
834 2292 999 2362 dicendum
1013 2317 1074 2360 non
1088 2317 1200 2362 nocere
1214 2321 1282 2364 sen-

253 2392 449 2460 sumubinon
463 2402 509 2454 est
522 2405 696 2466 consensus,
717 2411 776 2453 nec
789 2413 885 2454 unum
898 2414 969 2456 cnm
984 2389 1079 2457 altero
1095 2389 1282 2461 confunden·

251 2484 343 2562 dum;
363 2481 560 2577 scrupulosos
573 2481 626 2548 vix
644 2485 710 2548 eise
724 2502 806 2550 sanae
825 2482 937 2551 mentis
951 2483 1034 2552 circi
1055 2509 1092 2552 ea
1148 2513 1173 2554 ae
1196 2486 1281 2557 inte'-
1364 2506 1368 2515 ·

162 2665 163 2670 ¹
254 2582 320 2651 riirs
334 2591 483 2670 aguntum
499 2573 749 2667 imaginationem
764 2576 1111 2672 citiirsagereqnamvn
1124 2597 1278 2664 untatem;
1323 2617 1325 2622 v

158 2730 165 2738 .
252 2676 378 2747 numini)
402 2669 575 2769 spcmurda
592 2692 662 2763 qnae
682 2671 819 2763 obiectat
839 2699 876 2742 co
894 2675 962 2768 ipso
976 2675 1059 2770 quiid
1082 2676 1279 2776 displiceant,

253 2789 287 2842 et
300 2776 449 2860 edmagis
471 2767 693 2836 contemnenda
707 2767 790 2860 qood
804 2767 1016 2852 horribiliora,
1030 2784 1065 2838 ut
1078 2770 1280 2866 blasphemiae

252 2865 416 2936 interiores
436 2866 544 2931 contris
567 2861 689 2946 Deum,
711 2861 968 2934 inhonestissimae
988 2859 1095 2936 contria
1109 2884 1214 2936 sancta
1230 2896 1281 2940 co·

169 3016 176 3027 .
251 2961 428 3056 gitationes.
719 2979 724 2987 '

296 3054 493 3151 scrupulosis
506 3054 591 3124 eircd
602 3047 815 3124 recitationem
827 3053 993 3140 horarum,
1008 3072 1088 3138 ete,
1112 3054 1279 3132 dicendum

251 3151 338 3248 leges
348 3151 496 3248 positivas
507 3177 572 3219 non
582 3148 800 3242 obligareeom
809 3153 1095 3248 magnodispcndio
1106 3161 1278 3254 magnique

252 3250 447 3331 difficultate,
460 3272 530 3341 qnae
539 3247 718 3342 impotentia
727 3247 855 3322 morulis
864 3247 1050 3344 appellatum
1066 3249 1167 3346 iisque
1179 3251 1280 3324 omnis

251 3344 397 3439 repetitio,
410 3342 534 3411 omnini)
549 3342 773 3426 interdicendo,
787 3343 838 3412 vel
853 3370 910 3438 per
924 3345 1121 3415 emissionem
1135 3347 1201 3416 voti
1220 3345 1281 3416 sal·

251 3459 316 3512 tem
329 3443 386 3510 sub
398 3438 462 3508 lovi
473 3454 504 3506 et
515 3464 578 3505 non
590 3437 645 3506 din
656 3439 813 3521 duraturi3
830 3439 996 3533 aliquandi)
1008 3442 1090 3513 enim
1100 3433 1185 3512 tanla
1196 3440 1280 3512 mala

251 3563 290 3605 ex
305 3534 450 3626 praesenti
464 3533 609 3627 scrupulo
631 3536 790 3620 overiiunt,
805 3553 840 3605 ut
853 3535 886 3604 in
897 3563 1004 3608 eorum
1018 3539 1203 3633 praevisione
1215 3565 1278 3606 non

252 3629 427 3698 dubitarem
440 3627 499 3697 lroc
517 3629 689 3697 remedium
704 3629 865 3700 adhibere.
893 3631 957 3700 Sed
971 3632 1169 3727 scrupulosus
1182 3632 1278 3698 viola-

251 3722 299 3793 hit
310 3727 440 3790 votnm?
458 3722 532 3790 Non
547 3749 629 3804 reor,
643 3723 718 3818 quin
731 3726 872 3820 opprimi
886 3725 944 3794 scit
956 3722 1146 3822 praeceptum
1156 3741 1276 3814 certum

250 3817 369 3888 inserto
386 3817 567 3926 prevalere,
584 3822 655 3891 cnm
675 3819 778 3912 agitur
798 3822 838 3893 de
858 3820 1012 3922 positivis,
1025 3825 1078 3908 erit
1098 3825 1170 3892 cum
1190 3822 1276 3915 leges

251 3913 444 3984 alfirnratrvae
455 3927 535 3982 sunt.
