2950 4680
187 323 188 326 a
272 286 348 367 eqo
375 295 377 302 ·
430 286 482 344 un
503 281 664 353 Qnrnro
687 257 888 337 ar'saxro
903 235 1174 338 'cancrena‘

271 375 336 427 tisim
346 375 650 434 metuseumcleseapertas
665 387 689 422 es
698 372 709 420 t
719 371 783 422 iiim
793 373 928 422 den'teresti
936 373 1013 434 [aare
1030 383 1082 433 qua
1097 367 1302 434 capitatastiitm
1342 361 1350 372 ⁴

269 445 369 507 optabm
380 445 440 506 quod
458 445 618 504 peremtione
627 443 821 493 dareturocoeato
832 439 914 492 ttius
924 442 1059 502 satisfacere
1067 444 1163 491 tentasti
1169 441 1181 490 i
1191 439 1255 493 iiiam
1265 445 1302 497 itit

269 527 375 576 peraeae
386 515 476 562 mulum
485 511 646 574 proposuisti?
661 514 720 574 Quid
738 511 812 571 fecisti
823 509 908 559 sotus?
922 509 931 571 (
942 511 1015 569 Quasi
1031 511 1126 558 certum
1138 512 1189 572 est,
1201 510 1267 573 quiid
1278 515 1300 560 si

269 579 336 643 saepe
343 583 429 630 saltem
442 581 640 641 cogitationibus,
651 576 788 640 praesertim
799 577 843 627 aid
854 579 984 638 liaeseiint,
993 574 1098 626 alteritus
1107 579 1156 627 sint
1167 574 1301 642 progressi,

269 651 319 698 nisi
331 647 394 698 torti
405 649 514 708 statium
527 651 600 698 aetete
610 649 748 709 superiores
757 650 785 696 et
795 648 885 696 indolis
894 639 1301 710 maturatnropedtcndamcrge

270 717 298 766 ia
313 719 545 780 interrogationibus
555 720 581 766 et
591 713 656 766 circ'a
668 719 769 778 peccata
778 717 894 768 solitaria
903 717 931 765 et
941 711 1006 764 circi
1017 718 1117 778 peccata
1128 731 1184 769 eum
1196 719 1260 767 aliis
1272 719 1299 767 si

265 783 395 835 'intuuntur
405 801 431 834 se
442 786 564 835 desideria
577 789 640 834 solos
656 788 759 847 implere
771 788 878 836 tentasse
890 800 897 834 :
910 786 938 834 ia
949 789 969 834 te
984 788 1059 846 ipsum
1079 789 1153 835 tactas
1169 787 1299 838 inhonestos
1319 839 1326 849 ,

270 855 389 903 habuisti?
399 855 423 901 Si
435 855 519 902 autem
529 854 613 902 dicant
620 867 646 903 se
657 867 706 902 nou
715 855 832 914 tentasse,
843 855 1002 915 quaerendum
1015 857 1096 902 tamen
1107 867 1138 902 an
1149 856 1263 915 aspectus
1271 858 1299 907 in

265 931 297 971 oe
309 922 449 972 inhonestos
461 923 611 982 tribuerint,
619 925 676 972 etsi
687 919 732 982 itit,
743 921 810 972 certo
824 924 947 983 eat-quau
957 921 1024 972 certd
1035 923 1065 971 ad
1076 924 1300 984 tactusimpadicos

269 991 438 1056 devenerunt,
447 989 545 1052 etsaep'e
556 993 587 1040 ad
595 993 767 1054 pollutionem.
776 993 800 1040 Si
809 993 870 1044 nulli
883 993 976 1040 tuerint
986 989 1114 1054 aspectus(
1125 995 1151 1038 ut
1160 991 1226 1053 sapt
1235 993 1298 1041 nielli

266 1048 386 1119 inerunt,
397 1057 533 1120 praesertim
543 1061 564 1107 si
576 1060 687 1108 ioeminei
698 1060 773 1108 sexus
784 1062 817 1109 sit
826 1060 967 1122 poenitens)
978 1059 1116 1108 addendum
1128 1062 1211 1109 tannen
1221 1061 1299 1112 :Nive

269 1128 358 1189 aliquio
368 1131 432 1178 aliud
445 1131 560 1192 iulqonerti
576 1132 639 1180 colse
654 1133 708 1180 tuuc
718 1129 792 1190 secati
800 1161 809 1188 ‚
817 1131 973 1192 permittenda
982 1129 1089 1178 tibiiute
1104 1131 1239 1192 ipsumqeu
1252 1143 1299 1180 nea

269 1196 363 1256 meent,
377 1197 444 1246 cte?
535 1217 542 1230 κ
1107 1193 1115 1202 “

299 1264 618 1324 Nouadtcagnascaturan
627 1275 704 1326 usque
714 1265 745 1312 ad
754 1265 1223 1326 pollutionempcrvunerintauaresqui
1233 1267 1301 1326 seip-

269 1343 308 1380 ωε
319 1331 443 1394 impediet
454 1331 605 1394 tetigerunt,
617 1335 642 1382 et
653 1335 726 1382 simul
738 1335 899 1394 pollutionem
910 1346 958 1380 non
967 1335 1131 1394 edoceantur,
1141 1335 1161 1381 si
1173 1347 1228 1382 eam
1240 1336 1300 1383 leli·

269 1400 334 1448 citer
343 1402 465 1463 ignorent,
475 1402 552 1464 quaeri
561 1404 642 1463 potest
651 1405 726 1462 quoto
735 1403 847 1464 tempme
858 1414 911 1452 sese
923 1403 1066 1464 tetigerint,
1077 1416 1125 1464 quo
1134 1403 1194 1462 tue3
1206 1417 1237 1450 an
1247 1417 1301 1452 mu·

269 1470 310 1516 tus
321 1473 431 1519 carnales
450 1473 547 1532 experti
562 1475 622 1520 tunc
640 1471 756 1532 magnast
766 1473 802 1524 ilu
816 1468 888 1532 longe
905 1474 1025 1529 majorem
1038 1473 1190 1534 voluptatem
1207 1473 1233 1520 iu
1248 1473 1300 1522 irrue

268 1532 344 1596 quim
362 1539 388 1586 in
400 1540 472 1588 initio
482 1543 593 1590 tactuum
610 1539 751 1589 senserint!
761 1535 824 1588 lium
840 1542 952 1588 cessante
962 1541 1089 1602 voluptate
1097 1541 1176 1588 tactus
1184 1554 1299 1590 cessavc-

269 1608 336 1670 rint,
350 1611 390 1656 vel
402 1610 515 1660 iterarini
524 1621 614 1658 novam
633 1609 680 1657 sibi
698 1611 851 1670 voluptatem
865 1622 997 1670 procurare
1010 1610 1126 1658 tentando
1137 1609 1148 1657 t
1160 1612 1219 1668 vel,
1236 1607 1299 1657 num

269 1677 364 1738 aliquid
371 1680 443 1739 turpe
455 1679 644 1738 praetertactum
652 1675 754 1738 precise
763 1680 789 1740 et
797 1690 831 1726 ex
840 1679 908 1727 tactu
920 1678 981 1737 ipsis
989 1679 1046 1724 selis
1057 1679 1175 1727 acciderit
1185 1681 1210 1726 et
1220 1678 1299 1738 quidt
1317 1711 1321 1716 -

269 1743 332 1796 uim
343 1748 437 1796 somnia
447 1748 577 1796 inhenesta
587 1747 720 1795 habuerint
728 1743 739 1794 t
747 1741 811 1794 itiam
816 1746 978 1794 linteamenta
989 1747 1047 1794 tunc
1059 1744 1237 1794 maculaverint
1247 1747 1257 1792 i
1267 1742 1311 1794 Et'

270 1813 280 1879 (
292 1817 428 1880 attentione
438 1816 470 1866 ad
479 1815 528 1864 alia
539 1813 682 1876 aliquandiu
693 1813 810 1864 conversi
821 1813 831 1878 t
842 1813 902 1882 nim
911 1815 998 1874 vigiles
1007 1815 1163 1874 expertium
1173 1828 1226 1876 quae
1235 1825 1299 1862 som-

268 1885 366 1934 niantes
377 1885 384 1932 i
396 1885 441 1932 l'el
459 1879 519 1933 nium
530 1884 639 1933 viderint
649 1885 711 1932 allos
721 1883 862 1942 grandiores
878 1895 904 1934 se
922 1884 1065 1944 uergentes,
1077 1885 1104 1932 et
1121 1885 1181 1944 quid
1197 1883 1299 1932 brenitic-

269 1959 330 2006 bant
339 1956 350 2002 i
358 1951 421 2004 llum
432 1955 537 2004 iecerint
547 1953 603 2002 sici
616 1950 744 2003 Ordiuarii
755 1953 897 2014 prandiores
911 1952 953 2014 qui
965 1967 991 2001 se
1003 1954 1120 2012 lateriani,
1131 1950 1246 2014 polluunt
1255 1965 1297 2012 se;

267 2037 330 2092 nee,
342 2019 465 2084 ordinarii
483 2024 585 2084 mitem,
596 2034 657 2084 opus
667 2025 704 2070 est
714 2033 772 2070 cum
786 2022 824 2069 eis
833 2023 900 2070 mum
911 2022 1123 2124 inguaestioniuus
1132 2023 1244 2081 cautela;
1254 2019 1298 2070 ad·

268 2091 376 2141 bibenda
385 2093 478 2140 tamen.

266 2177 273 2190 ·
299 2161 469 2220 Paullusque,
480 2159 593 2225 quamvis
603 2155 677 2206 cittis
686 2159 799 2218 nubiles,
809 2153 904 2206 tardiils
915 2159 999 2206 tamen
1013 2155 1137 2208 ordinarii
1148 2159 1299 2219 umescunt

269 2229 423 2289 voluptatem
431 2239 577 2285 veneream,
588 2222 735 2286 prudentiis
745 2222 826 2276 adlrdc
842 2224 915 2287 quun
925 2228 1053 2285 juvenculi
1066 2229 1123 2277 sunt
1135 2229 1160 2276 in
1170 2229 1244 2276 rebus
1255 2241 1299 2274 νο·
1383 2249 1390 2263 ·

268 2296 351 2343 nereis
360 2295 545 2352 interrogandae.
557 2295 585 2341 ln
600 2295 631 2342 ils
642 2297 800 2352 cognoscetur
810 2295 922 2356 pollutio,
934 2296 1065 2356 qaaereudo
1076 2293 1135 2344 nuru
1144 2297 1224 2344 motus
1232 2297 1298 2345 intc-

268 2364 345 2412 riores
355 2359 427 2409 aude
441 2365 522 2420 gratos
532 2363 640 2420 expertae
648 2362 707 2410 sint.
808 2385 810 2390 .

298 2431 325 2478 2⁰
334 2430 360 2477 Si
378 2428 594 2488 deprehendantur
610 2431 722 2488 aspectus
736 2431 779 2478 aut
789 2429 870 2478 tactus
881 2432 984 2478 solitarii
992 2445 1053 2491 quos
1063 2445 1111 2480 nen
1122 2429 1189 2480 certo
1200 2434 1298 2481 constet

269 2511 322 2546 esse
334 2509 453 2546 venereos
464 2498 490 2544 et
500 2495 648 2556 voluptarios
660 2493 725 2558 [5⁶¹³
736 2495 762 2558 a]
772 2510 779 2556 ς
791 2507 890 2558 semper
901 2501 983 2546 tamen
997 2499 1162 2548 interdicendi
1180 2498 1297 2549 malliam.

267 2567 316 2617 Sed
326 2567 385 2616 talia
394 2577 501 2624 venerea
511 2567 568 2614 sunt
578 2562 710 2624 ordinarit,
722 2568 808 2615 saltem
819 2567 839 2615 si
851 2567 1083 2626 frequentantem
1094 2579 1143 2615 nou
1154 2568 1236 2616 seculi
1245 2571 1296 2630 pol-

268 2637 371 2696 lutione,
380 2631 515 2696 praesertim
531 2633 558 2682 in
569 2634 746 2693 incipientibus
755 2635 895 2684 adolescere
907 2635 917 2697 [
927 2637 981 2694 579,
993 2635 1035 2697 u].

298 2705 324 2752 5⁰
334 2701 410 2752 llult'u
421 2699 540 2762 rariores,
551 2700 688 2762 praesertim
704 2704 730 2750 in
742 2703 849 2751 ioeminis
862 2703 963 2764 (saltem
975 2703 1143 2764 pudendorum
1157 2700 1167 2765 l
1179 2704 1205 2752 in
1215 2715 1242 2752 se
1253 2705 1296 2753 vel

267 2773 298 2821 in
304 2773 364 2820 alius
375 2767 569 2832 aspectusquim
579 2771 727 2831 tactasmive
738 2772 796 2831 quia
804 2773 924 2832 pudicitia
935 2772 1009 2826 abhis
1022 2771 1096 2830 inagis
1107 2773 1232 2832 abhorret,
1244 2773 1297 2822 sive

267 2838 333 2902 quiid
353 2839 372 2888 ii
387 2841 473 2888 veneri
488 2835 570 2888 ininius
583 2839 730 2888 inserviant.
741 2841 856 2889 Attamen
869 2837 940 2888 valde
953 2836 1084 2900 aliquanti)
1100 2840 1232 2888 anxiantur
1241 2855 1297 2900 qnae

266 2919 303 2966 se,
315 2908 440 2956 mediante
451 2907 551 2967 speculo
562 2907 863 2969 impudicbaspexerunt,
875 2911 900 2956 et
911 2919 979 2969 quea,
992 2909 1117 2956 inedlante
1127 2908 1208 2970 aliqu'a
1217 2921 1245 2956 re
1257 2911 1298 2958 in·-

266 2974 393 3042 trodacti,
405 2989 458 3026 sese
469 2977 613 3038 tetigerunt.
626 2980 711 3040 Operae
722 2976 780 3037 ergo
795 2979 904 3038 pretinm
922 2981 958 3025 esi
969 2981 1022 3038 pest
1032 2977 1133 3038 quaesita
1149 2979 1175 3026 ct
1195 2979 1297 3026 invelata

267 3045 350 3094 dicere
361 3046 399 3094 eis
408 3046 507 3094 modum
518 3049 544 3094 et
554 3048 619 3108 quod
628 3047 788 3096 adhibuerint
801 3047 832 3110 ad
846 3060 872 3094 se
888 3043 1057 3106 aspiciendum
1074 3048 1117 3094 aut
1131 3047 1296 3108 malesuadam,

228 3135 237 3152 ·
270 3122 320 3164 non
338 3123 392 3164 esse
409 3111 548 3164 necessarii
564 3117 718 3165 declaranda.
728 3115 826 3176 Alioqui
840 3117 1101 3176 pluresanxiarentur.

296 3179 382 3252 Quoid
390 3187 491 3245 peccata
500 3198 558 3235 cum
568 3186 624 3233 aliis
635 3185 777 3242 curamissa,
788 3185 907 3244 quaeritur
915 3185 969 3242 sine
979 3186 1090 3245 periculo
1101 3185 1131 3232 de
1141 3183 1297 3244 amplexibus

266 3251 399 3312 etosculis,
410 3253 469 3300 dein
477 3253 509 3300 de
517 3253 624 3301 iactibus
639 3257 665 3300 et
675 3252 815 3313 aspectibus
825 3253 917 3300 liabitis
935 3256 978 3301 aut
989 3253 1113 3313 percussis
1129 3253 1155 3300 in
1174 3259 1274 3314 pectore
1286 3285 1295 3314 ,

267 3315 320 3367 iiim
331 3322 358 3368 in
368 3321 504 3381 pudendis,
514 3322 567 3370 sive
578 3322 668 3370 leviter
679 3323 722 3370 aut
732 3324 799 3372 trans
809 3323 903 3381 vestes,
920 3322 972 3371 sive
984 3319 1078 3370 nearest
1098 3324 1142 3369 aut
1151 3318 1296 3370 immediate
1396 3331 1403 3344 ‘

267 3387 292 3435 ct
303 3401 401 3450 semper
411 3386 475 3437 ultra
485 3389 691 3449 progrediendum
703 3388 783 3438 :ritem
793 3393 902 3438 ultimam
912 3391 1091 3451 nvelumtecistic
1100 3390 1230 3438 roratum
1242 3388 1293 3438 tuias

265 3455 342 3506 motas
352 3461 394 3516 eet,
404 3461 427 3506 et
437 3459 560 3516 infirmitas
571 3458 677 3506 lcumena
687 3461 764 3515 terite,
776 3462 802 3506 ut
812 3470 860 3505 nun
870 3461 1018 3508 mirareruos
1028 3457 1073 3506 isiae
1085 3457 1155 3518 tuqui
1166 3447 1291 3505 deuenisse

267 3525 292 3572 Si
304 3521 352 3586 itt,
364 3525 502 3574 addendum
513 3538 520 3571 ε
531 3527 636 3587 quoties?
646 3525 710 3575 iiim
718 3530 828 3588 concepta
835 3529 912 3588 pirates
923 3527 934 3574 i
945 3529 1005 3590 Quid
1016 3529 1132 3588 impediit,
1143 3526 1206 3574 clai
1220 3528 1296 3573 lnior

258 3593 412 3644 ¹sollicitasti?
422 3595 451 3641 et
460 3593 481 3640 si
491 3595 574 3658 puella
585 3595 699 3644 audiatur
710 3609 717 3642 a
727 3598 782 3644 Non
791 3611 894 3644 mirarer
902 3595 962 3658 quid
971 3598 1097 3656 irnpeltrnle
1107 3595 1197 3644 diabolo
1202 3624 1212 3649 ,
1226 3593 1295 3650 prior
1356 3635 1358 3640 .
1376 3651 1384 3666 ·

254 3671 260 3678 ·
265 3665 423 3726 proposueris,
434 3664 477 3710 aut
483 3661 568 3711 seboin
585 3662 686 3711 inuetitum
700 3666 844 3726 attrueerts;
860 3667 886 3713 ct
905 3667 941 3713 sic
959 3665 991 3712 de
1001 3663 1172 3724 amplexibus,
1184 3659 1294 3708 inutilius

254 3743 256 3748 ·
268 3731 277 3790 (
287 3729 336 3778 teri
346 3723 472 3789 nimqaicm
482 3730 589 3780 ioeminae
598 3733 661 3780 lianc
672 3730 882 3780 circumstantiam
891 3725 1248 3792 declarantdttamanplures
1253 3725 1293 3780 jn·

268 3796 365 3846 vcnculi
373 3796 461 3916 ἀισιιιᾷῑ
470 3802 502 3845 sa'
510 3799 584 3848 luisse
593 3795 809 3860 pridsscllicitates
820 3804 845 3850 et
855 3798 985 3849 bioemiuis
997 3797 1115 3867 perditos.
1125 3792 1293 3842 attilii-tami·
