2950 4680
535 351 830 410 xtaeennsrru..
949 387 952 392 .
1146 329 1209 428 ²⁸¹„

188 440 326 526 omniunt
337 435 470 516 virtute
482 437 623 531 judicare
639 438 759 534 possint
780 464 819 509 ex
833 451 982 533 concepta
995 459 1088 532 quem
1098 433 1215 522 habeut

188 568 294 614 rerum
316 539 351 608 in
371 536 485 608 lucidis
509 535 680 605 intervallis
705 533 828 628 (siquae
842 531 1001 615 habeant);
1032 531 1117 625 quod
1141 534 1217 623 ergit

186 637 266 726 nihil
276 637 410 705 debeant
421 649 565 730 reputare
575 627 788 714 mortalc5nisi
800 628 885 723 quod
895 626 971 722 ipsis
981 627 1046 696 tale
1054 652 1122 696 csse
1132 627 1216 716 certia
1289 671 1292 676 Δ

121 769 129 790 =
189 747 319 818 constat,
344 729 389 798 ita
403 745 437 798 ut
460 730 566 820 jurare
590 726 725 822 possint;
742 724 816 820 quia
830 751 868 795 ex
881 723 1086 794 communitor
1100 721 1216 792 contin·

188 826 332 921 gentibus
347 823 615 920 estpraesumptio.
670 891 675 904 ‚
823 836 827 842 ·
1176 869 1190 898 Δ,
1292 810 1301 829 “

230 922 276 993 Et
288 922 317 992 si
330 921 434 990 dicant
446 945 479 990 se
492 919 575 990 nolle
587 919 622 987 in
633 917 712 988 hort
724 914 835 986 mortis
851 915 956 986 lacere
972 937 1041 1008 quae
1055 915 1218 1008 nuncpeo'·

190 1033 260 1112 cata
273 1031 426 1112 reputant.
452 1013 704 1110 respondendum
718 1011 913 1106 scrupulosos
925 1035 1015 1105 posse
1028 1008 1132 1080 lacere
1143 1006 1217 1090 tunc

182 1129 244 1182 aut
254 1113 352 1181 vitare
364 1111 462 1178 multa
475 1109 610 1177 inutilia.
1111 1113 1112 1118 ’
1196 1179 1201 1190 ,

230 1208 412 1303 Aliquando
432 1206 558 1290 forsan,
582 1205 638 1279 sed
659 1204 749 1287 rari),
775 1201 947 1296 scrupulosi
969 1197 1123 1271 tractandi
1146 1197 1217 1270 curis

190 1305 382 1400 anctoritate.
400 1303 572 1398 Nunquam
584 1300 696 1372 saltem
706 1298 750 1369 cis
763 1294 940 1368 haesitanter
954 1295 1217 1394 respondendum.

221 1480 257 1548 (a)
268 1481 357 1532 Multos
366 1481 526 1530 confessarios
534 1479 561 1528 ln
571 1479 618 1528 hoc
629 1477 735 1528 deficere
745 1477 808 1525 mitri
818 1477 901 1524 visum
911 1475 957 1524 est.
967 1469 1075 1522 Dittcttt
1084 1475 1127 1534 qut
1138 1473 1218 1524 nescit

189 1549 345 1612 experientia
355 1552 470 1600 morbum
480 1547 541 1598 rdet
552 1550 716 1610 pertinacem,
727 1545 765 1594 illl
776 1546 1092 1596 medelamconvenientetu
1100 1545 1216 1606 applicat.

188 1623 240 1668 Non
250 1623 331 1682 potest
341 1621 481 1681 intelligere
491 1618 718 1682 qnaesuntatterins
726 1619 756 1665 de
765 1630 792 1666 so
803 1617 867 1678 ipso.
878 1619 931 1666 Non
941 1616 992 1664 sint
1001 1615 1139 1676 scrupulosi
1149 1629 1218 1667 seru·

189 1691 331 1747 putosorum
342 1689 549 1749 confessarii3sed
558 1689 580 1738 sl
591 1688 697 1747 tuerint,
709 1683 798 1736 metiris
808 1688 930 1739 curabunt
945 1687 1039 1736 similes
1048 1687 1158 1748 anons.
1169 1688 1217 1745 Ant

190 1755 258 1817 vero,
268 1760 371 1818 tutante
381 1757 469 1819 uratia,
481 1760 506 1807 et
517 1758 654 1806 attentione
666 1757 796 1818 studioque
807 1757 930 1806 curabunt
936 1757 1053 1806 similiter
1062 1769 1118 1818 ces3
1129 1771 1176 1810 noe
1186 1758 1217 1807 de

190 1825 356 1889 necunquam
371 1827 561 1889 desperandum.

235 2006 309 2068 707.
324 1973 480 2044 Remedia
492 1975 645 2070 scrupulis
660 1971 898 2068 particularibus
915 1974 1110 2069 applicanda,
1123 1959 1216 2072 suntp

196 2143 198 2151 A
233 2071 301 2140 Pro
314 2069 502 2165 scrupulosis
512 2070 567 2163 qui
578 2070 729 2166 scrupulis
744 2085 870 2164 peccata
885 2069 1061 2139 consociant
1076 2102 1084 2140 ε
1104 2072 1222 2165 ponde·

192 2167 271 2250 ratio
285 2166 450 2256 singularis
464 2190 533 2259 quae
546 2165 580 2233 in
600 2167 782 2234 eorumdem
796 2164 909 2256 agendi
924 2165 1042 2235 ratione
1063 2159 1219 2262 reperitur

192 2258 461 2340 contradictionis3
487 2260 599 2332 horror
613 2262 732 2356 pcccati
750 2260 843 2330 simul
866 2261 1043 2352 etaltjectio
1066 2256 1223 2360 scrupulis
1247 2305 1249 2310 ·

189 2356 259 2428 Sed
271 2355 305 2424 id
317 2381 381 2424 non
393 2354 498 2425 facile.

106 2484 111 2495 ⁴
201 2451 307 2522 'Non
316 2450 524 2545 permittenda
533 2463 638 2518 tamen
647 2447 873 2518 confessionum
883 2449 1006 2520 iteratio
1017 2452 1057 2521 ob
1068 2453 1218 2546 quosdarn

191 2546 329 2640 relapsus
342 2546 377 2614 in
386 2544 552 2614 momentis
561 2543 651 2638 quasi
662 2541 884 2615 derelictionis.
901 2545 992 2614 Rara
1001 2547 1084 2614 enim
1096 2549 1130 2616 in
1141 2564 1219 2620 tem-

191 2641 362 2738 pestatibus
373 2639 485 2710 validis
496 2638 660 2732 naufragia
669 2639 792 2730 signum
802 2665 865 2710 non
874 2656 945 2708 sunt
954 2641 1079 2710 larvatae
1092 2640 1219 2738 conrep-

191 2735 299 2806 sionis.
318 2735 437 2803 Saltem
456 2759 519 2802 non
534 2735 589 2804 din
612 2735 661 2803 his
685 2734 838 2804 absolutio
862 2735 1036 2804 differenda
1058 2739 1086 2806 si
1109 2739 1218 2812 dilatio
1238 2777 1242 2786 =

190 2826 364 2898 necessaria
375 2825 542 2918 judicetur,
557 2826 631 2920 quia
644 2825 768 2895 habitus
782 2826 911 2894 vitiosus
926 2827 1086 2898 difficilius
1099 2829 1233 2908 contra-³

190 2921 276 2992 hitur
285 2925 305 2990 a
315 2919 514 3017 scrupulosis,
525 2921 592 3014 qui,
603 2920 815 3004 utordinarii,
827 2937 896 3015 post
907 2920 1012 3017 lapsus
1020 2923 1217 3000 vehementer

190 3033 388 3088 conteruntur
406 3033 437 3086 ct
449 3042 584 3110 quorum
603 3021 841 3112 peccata,‘puta
861 3017 917 3085 irae
940 3033 993 3086 aut
1015 3009 1217 3130 inpudicitiae
1294 3014 1299 3022 ’

189 3115 291 3202 magis
309 3112 417 3180 forsan
431 3139 469 3180 ex
488 3134 658 3182 nervorum
671 3111 792 3182 actione
809 3116 904 3205 quiam
919 3139 957 3182 cx
977 3116 1095 3184 malina
1108 3143 1217 3225 prove·
1232 3177 1236 3182 ,

108 3261 112 3270 .
190 3206 290 3276 niunt.
317 3206 450 3274 Fiducia
461 3231 575 3299 magna
587 3207 620 3276 in
633 3207 781 3276 auxilium
796 3207 905 3301 gratiae
945 3209 979 3279 in
997 3209 1040 3281 eis
1056 3207 1216 3286 cxcrtancla

190 3317 249 3380 est,
270 3323 333 3368 nou
346 3300 468 3370 sublato
481 3317 586 3372 tamen
599 3303 684 3372 omni
697 3303 820 3378 timore.
945 3389 947 3394 .
1197 3299 1199 3308 ¹

234 3395 431 3491 scrupulosis
449 3397 531 3466 circa
542 3398 748 3470 confessiones
763 3426 834 3470 suas
848 3400 1014 3470 dicendum
1023 3423 1086 3471 non
1096 3419 1214 3480 tantam

190 3491 224 3564 in
238 3491 482 3564 confessionibus
494 3493 703 3586 integritatem
723 3521 781 3591 pro
795 3495 871 3586 ipsis
885 3496 1003 3591 requiri
1017 3517 1131 3592 quanta
1153 3530 1213 3600 pro

189 3588 269 3668 aliis;
286 3587 360 3681 quia
369 3587 531 3681 integritas
541 3591 741 3674 confessionis
755 3592 837 3660 cadit
846 3594 903 3660 sub
914 3612 1068 3692 praeccpto
1079 3587 1212 3672 affirma-

189 3685 254 3754 tivo
272 3680 357 3779 quod
371 3709 434 3753 nou
449 3684 569 3777 obligat
583 3711 778 3780 cummagno
799 3688 995 3778 detrimento.
1026 3691 1120 3765 Unde
1141 3722 1212 3771 con·

189 3781 292 3855 cludet
305 3808 377 3852 cum
386 3780 463 3873 ipsis
1147 3782 1152 3787 ”
1194 3777 1196 3784 ’

233 3884 269 3968 ι’,
282 3875 357 3950 Nou
371 3877 528 3973 iterandas
541 3875 746 3951 confessiones
763 3880 822 3950 nisi
836 3875 997 3970 moraliter
1016 3899 1132 3954 certum
1156 3895 1211 3964 aut
1227 3883 1228 3892 ’
