2926 4680
239 308 307 380 382
349 324 352 328 ·
569 316 932 396 »ΕεἈθιΑῃΕΝτο

263 415 316 466 Sed
325 413 385 478 quid
398 415 425 464 in
435 414 481 464 boc
499 416 599 476 casu,sl
610 415 640 462 ad
655 412 841 477 momontum
856 409 944 476 nrg'eat
954 401 1079 473 spinam,
1091 404 1261 480 lerosnuus
1277 437 1283 448 ·

237 497 335 534 causam
353 497 439 546 sponsa
457 485 565 546 nequeat
582 485 694 544 resilire,
705 480 1040 544 praetermeantium,
1051 483 1161 542 periculo
1174 483 1275 541 mortis,

202 569 204 574 ’
236 555 278 603 aut
288 567 403 604 aerunmae
414 555 560 612 gravissimas
571 565 603 600 ex
624 553 693 615 pprte
709 552 787 612 patris
802 548 1061 601 furibundit'llitllcile
1077 552 1259 612 uouinveniet,

236 635 283 682 ope
295 623 433 670 confessarii
445 621 562 678 consulti,
583 621 693 667 medium
712 620 812 684 aliquod
822 617 836 668 ὲ
847 621 890 668 tall
910 618 1020 678 angustia
1039 621 1158 679 exeundi,
1174 633 1199 670 l.
1211 633 1258 681 gr,

216 692 366 750 ‘benignam
377 687 486 750 dsppnso
502 689 681 737 relaxationem
698 690 742 738 aut
758 683 816 736 'cum
834 701 863 736 eo
878 689 1096 750 compositionem,
1115 691 1260 740 dilationem

236 761 384 808 matrimonii
394 760 447 818 post
457 759 555 818 partum
566 758 659 805 alicubi
669 753 767 806 secreto
779 758 929 806 iaciendum.
1016 753 1021 765 “

264 828 315 880 beri
324 828 447 876 difficilior
463 823 543 874 adbuc
554 840 624 874 casus
635 829 656 874 si
674 837 761 887 spensa
771 827 803 875 sit
813 821 880 874 certi
890 827 982 874 alr-alio
993 827 1106 886 gmrida3
1117 819 1181 880 maia
1192 829 1259 876 enim

235 901 342 950 maxima
358 899 416 944 tunc
432 897 523 945 debent
534 897 616 944 timeri
631 897 659 944 ut
673 891 687 944 d
702 897 856 958 sponsalibus
873 907 922 946 non
932 896 1082 946 discedatur.
1093 889 1260 948 Cous'ulendus

234 971 314 1028 toret,
325 969 345 1014 si
355 966 483 1026 possibile,
494 967 635 1026 Episcopus.
819 1015 829 1044 Ὦ
1055 984 1063 1003 ³
1182 1011 1193 1028 ἢ

266 1035 301 1100 (t)
313 1036 442 1094 Deiectus,
458 1035 533 1082 etiam
551 1047 638 1094 graves
653 1036 696 1094 qut
712 1034 794 1084 nocivi
813 1046 862 1082 non
878 1035 935 1084 sunt
945 1047 991 1082 nec
1005 1037 1129 1096 probrosi,
1141 1037 1199 1096 quia
1209 1047 1259 1084 ma-

233 1118 295 1156 nere
306 1105 396 1153 debent
406 1103 510 1162 occulti,
526 1103 555 1150 ut
570 1103 591 1148 si
606 1105 716 1163 corrupta
731 1105 763 1150 sit
773 1117 827 1162 quse
842 1104 1044 1163 virgooreurtur,
1061 1108 1117 1152 sunt
1126 1105 1197 1164 quasi
1211 1119 1259 1154 nou

199 1221 205 1229 ,
236 1176 326 1224 essent.
338 1168 385 1220 Sed
393 1185 419 1220 se
430 1173 551 1230 virginem
560 1184 609 1220 nou
621 1183 674 1218 esse
692 1172 826 1219 deberetne
846 1184 932 1230 sponsa
942 1183 1028 1234 sponso
1046 1172 1131 1232 fateri,
1143 1175 1164 1220 si
1177 1176 1260 1234 inqui-

234 1243 320 1292 reret?
330 1236 487 1300 Nullnteuris,
498 1241 541 1288 sed
551 1241 632 1298 posset
642 1240 811 1303 dissimulare,
827 1242 908 1300 inquit
920 1241 1028 1288 Billunrt.
1041 1242 1086 1291 lst
1096 1242 1260 1307 dissimulatio

235 1325 288 1360 rem
300 1310 407 1370 aperiret
416 1321 503 1369 sponso
514 1309 601 1368 sagaci.
613 1304 701 1354 Meliris
710 1307 766 1368 ergo
783 1304 889 1356 attonita
900 1311 1057 1369 responderet
1069 1305 1146 1369 {pulo
1154 1309 1262 1371 queris?

235 1379 350 1438 indignus
362 1389 388 1424 es
399 1378 439 1424 cui
452 1377 548 1436 jungar,
565 1377 585 1423 si
601 1376 660 1423 talia
676 1377 706 1423 de
722 1383 770 1436 ηις
783 1378 927 1436 suspiceris,
949 1379 1024 1426 sicut*¹
1033 1379 1132 1444 indigna
1143 1389 1261 1440 sumquae

235 1449 281 1496 tibi
292 1449 379 1505 uniar,
391 1446 482 1493 sitatis
502 1445 582 1492 iacere
593 1445 725 1504 potuerim.
740 1445 824 1492 Sedet
836 1447 886 1492 haec
898 1447 1034 1505 periculosa
1049 1449 1174 1506 responsio
1182 1449 1259 1497 foret.

235 1518 287 1563 Non
297 1510 366 1574 longi
377 1510 477 1563 asserui
488 1509 609 1560 sententia
619 1513 730 1560 Pauwels
742 1514 907 1561 existimantis
921 1517 1074 1573 negationem
1086 1511 1260 1574 simplicem'in

235 1585 281 1632 hoc
293 1597 350 1631 casu
360 1596 409 1642 non
420 1596 472 1629 esse
494 1578 661 1639 mendacium,
676 1583 734 1640 qula
745 1581 908 1640 haecnegatio
919 1583 991 1630 debet
1007 1584 1111 1642 intelllgi
1124 1580 1260 1633 secunddln

235 1665 389 1701 communem
409 1661 507 1700 semum
519 1653 547 1696 et
561 1649 648 1709 populi
658 1651 810 1708 opinionem,
820 1647 892 1706 juxti
907 1665 979 1713 qnam
990 1649 1084 1710 'passim
1099 1653 1261 1711 virginesvo·
1304 1672 1308 1681 ⁸

177 1742 179 1748 ⁴
236 1723 322 1770 cantur
333 1728 439 1781 quarunt
455 1717 577 1779 pudicitie
589 1729 639 1765 non
650 1719 849 1779 ost-prostituta,
861 1720 915 1780 rel,
933 1721 953 1768 sl
964 1721 1076 1781 perdita,
1093 1719 1189 1769 occulto
1200 1735 1260 1789 perf

233 1790 287 1837 ‘dita
305 1791 360 1836 luit.
1109 1799 1113 1809 ‘
1182 1797 1187 1805 “
1260 1829 1267 1842 .

266 1861 333 1906 Inter
344 1856 455 1905 deiectus
463 1853 653 1904 nonllecessarib
664 1853 887 1916 aperiendos,cirm
897 1871 949 1905 nou·
958 1858 1125 1925 inquiruntur,
1134 1861 1260 1920 computat

235 1928 339 1974 Rilluart
359 1927 542 1986 paupertatem,
564 1925 755 1984 ignobilitatem,
772 1927 830 1984 etc,
848 1927 905 1986 quia
919 1927 946 1972 lri
960 1928 1071 1976 delectus
1087 1941 1133 1976 nec
1148 1929 1259 1988 probrosi

139 2055 141 2060 Α
217 1983 222 1996 ’
236 1999 308 2056 sunt,
319 2009 364 2044 nec
375 1991 479 2056 positivi
497 1979 615 2040 damasii.
625 1995 676 2042 Sibi
689 1985 913 2056 imputet·compars
931 1997 951 2042 sl
961 1997 1140 2056 diligentiorem
1156 1999 1260 2060 inquisi-

235 2065 334 2114 tionem
340 2077 388 2112 nou
401 2062 480 2111 iaciat.
489 2063 580 2110 Saltem
589 2075 636 2108 non
648 2063 679 2110 slt
689 2065 720 2109 ab
731 2065 778 2111 alio
790 2063 912 2126 comperte
924 2063 1045 2126 deceptio.

266 2135 336 2182 Nulla
347 2134 434 2182 fierent
453 2133 622 2192 matrimonia,
634 2133 654 2179 si
665 2145 748 2182 omnes
759 2134 870 2181 deiectus
888 2137 1041 2194 aperirentur
1051 2147 1059 2192 3
1070 2137 1158 2184 saltem
1167 2135 1188 2184 ll
1198 2136 1256 2197 qut,

237 2201 284 2249 etsi
295 2198 386 2248 lcvcsd
399 2203 554 2248 matrimonio
569 2201 731 2264 deterrerent,
751 2203 900 2260 Aperiendos
914 2205 997 2250 tamen
1013 2206 1095 2254 innuit
1105 2207 1200 2264 Bailly,
1215 2203 1259 2252 sed

137 2283 140 2298 l
236 2271 282 2316 hoc
290 2269 438 2327 generaliter
455 2269 579 2326 sumptum
589 2269 687 2315 videtur
697 2270 772 2315 nimis
782 2271 924 2328 rigorosurn,
941 2273 992 2318 Non
1004 2274 1070 2327 enim
1080 2271 1136 2320 ideo
1147 2272 1263 2334 deiectus

235 2337 382 2394 aperiendus
393 2337 430 2381 est
447 2335 473 2380 in
485 2335 648 2380 contractibus
663 2337 823 2396 venditionis,
840 2339 897 2400 etc,
907 2341 965 2397 quia
981 2342 1091 2399 cognitus
1101 2337 1116 2388 a
1127 2340 1266 2389 contractu
1337 2392 1341 2398 ,

235 2403 409 2450 determisset:
422 2397 499 2458 ergit
511 2403 569 2467 pari
579 2400 648 2461 lidi,
660 2401 695 2462 a].
858 2419 862 2431 ·
1117 2440 1121 2447 s

266 2469 298 2537 (c)
311 2471 360 2516 llisi
371 2483 410 2516 res
419 2482 468 2516 uon
478 2471 512 2516 sit
522 2481 566 2529 par
576 2469 607 2514 ob
623 2471 742 2528 specialia
753 2473 902 2520 consectaria
913 2475 956 2530 aut
970 2477 1179 2533 circumstantias,
1191 2477 1220 2528 ut
1234 2478 1256 2543 sl

234 2548 337 2602 sponsus
347 2531 441 2588 crimen
451 2551 544 2600 sponsae
554 2538 695 2587 deiecturus
705 2541 750 2600 sit,
761 2543 787 2588 et
798 2543 824 2589 in
839 2543 957 2593 immania
971 2545 1119 2606 irrupturus.
1130 2551 1210 2608 Collct,

583 2621 593 2647 t
1184 2645 1186 2651 .

621 2704 788 2784 SECTLO
810 2710 870 2774 IV.

419 2937 423 2947 ,
523 2895 559 2943 bc
570 2849 718 2955 sponsalium
728 2897 967 2956 proclamationibus.
1096 2891 1099 2896 ’
1159 2888 1164 2898 ’

276 3055 643 3150 807.Pnocuumin10uss
651 3061 1256 3155 anti-nuptiales,quaebannadicuntur,
1282 3049 1297 3070 ⁶

235 3155 292 3224 sub
306 3153 396 3246 gravi
408 3181 447 3223 ex
462 3180 574 3246 genere
581 3159 650 3223 ‘suo
673 3155 812 3247 obligant
826 3157 875 3242 (a)
895 3173 925 3226 et
941 3159 1112 3257 parochum
1123 3179 1162 3231 ol
1175 3190 1257 3258 nup·

234 3267 333 3320 muros.
586 3277 588 3282 ’

267 3346 415 3438 ‚Ideoque
426 3345 533 3414 iterari
544 3345 668 3428 debent,
683 3345 778 3417 dilato
794 3350 972 3418 notabiliter
987 3353 1184 3420 matrimonio
1196 3354 1254 3438 (b).

277 3439 415 3506 sednon
427 3440 609 3508 necessaria
623 3442 663 3507 ad
677 3442 870 3532 validitatem
877 3447 1070 3515 sacramenti.

226 3594 228 3602 ,
276 3530 319 3600 Et
333 3533 371 3598 ab
387 3533 430 3600 eis
449 3535 588 3602 subditos
609 3560 680 3610 suos
699 3537 745 3622 (c)
767 3537 945 3631 dispensare
963 3557 1063 3634 potest
1082 3532 1257 3637 Episcopus

238 3650 273 3693 en
296 3625 395 3692 causis
409 3627 577 3714 majoribus
592 3629 643 3696 vel
663 3629 836 3700 minoribus
859 3639 954 3726 proiit
969 3636 1012 3714 ,ab
1027 3638 1189 3720 omnibus,
1207 3635 1257 3703 vel

135 3787 146 3806 ,
235 3719 353 3788 duabus
366 3717 416 3786 vel
435 3724 495 3796 uad
510 3727 630 3790 tanldm
644 3722 801 3818 dispensat
817 3729 883 3812 (d),
904 3731 997 3799 modo
1011 3747 1119 3800 tamen
1130 3733 1256 3809 certitu-

236 3812 340 3894 dinem
350 3813 463 3882 habeat
473 3817 622 3887 moralem
634 3819 753 3890 nullum
765 3849 830 3892 esse
844 3824 1110 3913 impedimentum.
