2926 4680
288 332 359 426 i-iss
483 388 486 408 r
614 355 666 414 un
688 359 981 418 stonnnunro

287 443 413 494 contractu
425 442 476 492 cive
497 459 554 494 cum
564 447 691 510 republica
699 484 708 508 ,,
725 452 778 499 sire
796 465 853 500 cum
867 452 982 513 privatis,
1000 452 1060 500 tunc
1081 436 1130 512 qui
1143 455 1193 500 nota
1209 441 1316 514 impedit

286 513 374 562 damna
383 515 453 564 iliata
464 515 496 564 ab
505 516 632 576 iisquttus
643 531 676 567 ex
686 515 730 568 tali
741 520 821 570 cilicio
832 523 935 582 praeest,
946 523 988 569 aut
998 520 1068 569 illata
1078 521 1265 582 iisquiltuscunt
1280 531 1316 569 ux

286 584 414 632 contractu
423 585 464 632 rei
474 586 545 645 quasi
554 588 680 637 contractu
697 589 803 650 ligatur,
818 590 920 638 tenetur
936 590 968 656 ad
978 587 1171 637 restitutionem.
1190 590 1231 637 sio
1245 591 1318 650 prin»

286 663 358 713 ceps,
369 653 474 713 Praetor3
485 658 534 701 otc.
542 685 550 712 ,
559 656 594 702 sic
606 657 699 716 custos,
711 659 759 706 etc.
774 657 799 705 Si
815 657 900 705 autam
910 658 995 705 nullus
1008 656 1041 705 sit
1051 656 1108 703 talis
1118 657 1260 706 contractus
1269 665 1316 707 aut

285 722 519 784 duasi'contractus.
529 725 558 770 ut
568 723 595 770 in
606 726 725 785 parocho,
734 727 777 786 qui
787 727 874 774 saltum
886 728 953 786 apud
962 737 1021 788 nos,
1032 737 1081 773 non
1095 726 1252 775 constituitur
1262 727 1312 775 uisi

285 791 312 839 ln
322 791 409 839 ordine
419 791 448 839 ad
459 792 611 853 spiritualia,
620 807 666 841 neo
676 791 778 854 proindd
792 796 891 844 viderur
902 795 976 854 caput
987 794 1132 854 politicum,
1143 791 1199 842 cim
1210 808 1259 843 non
1267 797 1313 844 lia-

284 861 342 908 heat
359 861 504 920 potestatem
522 863 700 923 compellendi3
717 875 766 910 non
786 863 944 924 impediendo
957 865 1044 912 damrra
1060 863 1145 910 interni
1157 858 1171 910 i
1183 865 1314 924 suisparo-

283 929 378 976 chionis
389 929 458 976 deest
469 931 584 990 equidem
604 943 647 996 spo
656 930 736 979 cilicio
745 932 868 992 spirituaii
879 927 936 992 erg'a
945 945 1000 991 eos,
1011 933 1056 980 sed
1066 945 1117 982 non,
1126 927 1182 992 erg'a
1192 933 1247 980 illos
1256 933 1313 993 qui·

183 1054 188 1068 ἱ
284 1001 330 1047 bus
341 1001 428 1047 damna
440 1000 563 1064 inierunt,
573 997 629 1049 cinn
640 1003 709 1051 nullo
720 1014 777 1049 cum
787 1002 823 1050 eis
833 1015 879 1051 neo
890 1015 947 1050 cum
955 998 1083 1063 republica
1099 1003 1171 1062 pacto
1180 1002 1223 1049 illa
1233 1002 1313 1049 imum

283 1069 336 1117 dire
346 1069 472 1117 tencatur.

313 1137 362 1186 Sed
372 1135 430 1186 naim
442 1137 509 1186 idam
524 1136 656 1186 dicendum
672 1137 703 1186 do
718 1139 863 1198 parentibus
876 1138 919 1198 qui
935 1151 985 1187 non
999 1138 1153 1200 impediunt,
1174 1137 1242 1186 etc?
1259 1140 1311 1186 Non

250 1231 252 1238 v
283 1203 384 1255 difficile
396 1207 539 1267 crederem,
550 1207 571 1258 si
582 1206 723 1254 attendatur
731 1203 809 1256 solini
816 1208 856 1265 jus
866 1208 994 1266 naturale,
1009 1209 1041 1256 ob
1049 1207 1170 1254 rationem
1181 1201 1233 1255 iD.
1245 1208 1312 1254 Item

282 1274 477 1335 moddallatam‚
492 1278 518 1325 et
533 1275 697 1335 quianullum
713 1277 814 1335 pactum
832 1276 964 1336 frangunt,
981 1276 1108 1336 solumque
1125 1275 1212 1322 desunt
1228 1276 1311 1340 officio

282 1345 412 1404 parentum
430 1340 477 1404 qua
487 1348 631 1404 parentum,
643 1343 691 1391 nisi
702 1344 731 1392 ut
737 1344 905 1404 cooperatores
916 1344 1016 1403 positivi
1028 1339 1089 1392 tortia
1095 1343 1218 1403 aliquibus
1229 1343 1255 1389 in
1268 1347 1310 1388 ca-

282 1412 349 1460 nibus
359 1414 508 1472 habeantnr3
519 1426 565 1462 nec
572 1412 698 1460 convincit
708 1413 771 1460 ratio
782 1413 855 1462 allata
866 1408 880 1460 'a
890 1413 920 1458 l).
928 1413 1034 1460 Bourier
1044 1413 1102 1472 quia
1113 1424 1161 1460 non
1171 1408 1248 1470 usqui
1260 1406 1310 1458 nic

281 1480 466 1529 extendendum
477 1482 576 1528 videtur
586 1495 593 1526 r
605 1482 719 1528 Parentes
726 1484 748 1528 'et
760 1483 812 1540 filii,
823 1484 920 1528 uxorei
934 1483 1035 1528 moritus
1052 1484 1106 1528 aaut
1121 1493 1171 1528 uuo
1186 1481 1311 1539 ccdunqroe

280 1551 452 1610 personantes
473 1549 500 1596 id
518 1545 906 1610 eousqud(extenditiuacivilo,
926 1544 983 1596 ciam
994 1549 1169 1608 obligationem
1178 1549 1308 1608 parentum

280 1619 410 1678 reparandi
420 1619 508 1664 damna
518 1612 532 1664 a
543 1617 601 1664 filiis
620 1617 688 1664 illata
704 1629 754 1664 non
768 1615 889 1666 extendat
897 1617 947 1682 nisi
959 1618 991 1667 ad
1006 1618 1095 1667 damna
1105 1619 1173 1667 illata
1184 1613 1198 1667 it
1208 1617 1308 1666 minori-

281 1689 326 1735 tsus
335 1685 543 1749 comparentibus
552 1685 768 1737 commorantibus.

674 1845 846 1912 SECTIO
867 1851 931 1911 lla·

653 2019 690 2070 Do
704 2019 931 2084 deltitoconjugali.
955 1976 956 1982 =

320 2167 499 2249 Nucula,
520 2165 583 2234 nisi
603 2161 724 2236 elevato
743 2167 785 2236 ad
804 2163 911 2238 Deum
931 2166 1027 2237 cordo
1053 2190 1145 2262 puro,
1166 2163 1218 2234 his
1237 2181 1306 2234 stud

279 2259 427 2334 dendum.
727 2293 732 2352 j
784 2329 785 2334 ,
949 2271 952 2276 ’
1247 2323 1250 2332 .

320 2358 426 2428 Pauca
445 2356 560 2426 dicturi
583 2383 700 2440 sumus,
720 2357 904 2426 sufficientia
926 2372 1032 2425 tamen
1055 2359 1097 2425 ad
1117 2356 1307 2428 decidendos

278 2481 366 2522 rasus
380 2455 413 2521 in
425 2453 483 2522 haic
497 2453 627 2522 matoria
640 2452 733 2520 nimis
744 2453 947 2543 frequentes·¹

318 2549 422 2618 Porro
443 2551 580 2616 debitum
597 2563 688 2615 vocat
702 2546 859 2642 apostolus
881 2560 983 2614 actum
997 2543 1206 2638 conjugalem,
1231 2538 1311 2638 quia

277 2645 366 2712 illum
379 2645 438 2713 sibi
454 2643 619 2736 exjustitia
633 2642 746 2711 debant
760 2641 916 2732 conjugae

318 2741 380 2808 Hic
395 2757 497 2809 autom
517 2757 614 2822 actus,
641 2765 680 2808 cx
701 2733 762 2809 linc
784 2737 925 2830 legitimo
942 2737 1104 2817 exercitus,
1130 2736 1306 2831 debitisque

276 2837 403 2904 vestitus
423 2834 494 2903 aliis
509 2835 762 2922 circumstantiis,
781 2859 844 2901 non
862 2833 965 2901 solrim
987 2832 1092 2900 licitus
1115 2848 1177 2913 ost,
1199 2837 1306 2927 utpotd¹

170 2927 175 2940 '
277 2932 317 3001 ad
337 2931 590 3042 propagationem
604 2931 718 3024 speciei
732 2930 907 2996 humanata
927 2928 998 2996 Deo
1013 2927 1189 3014 ordinatus,
1205 2928 1259 2996 sed
1276 2941 1306 2994 ct

277 3027 452 3097 nutritorias
470 3026 499 3094 si
518 3028 558 3095 ad
571 3025 676 3094 Deum
690 3025 864 3107 referatur:
883 3021 979 3090 Undt
993 3024 1141 3108 monandi
1154 3023 1257 3118 sponsi
1271 3033 1306 3091 ut

278 3123 366 3207 illum
377 3124 448 3194 Deo
462 3149 500 3192 ex
512 3122 629 3191 motivo
639 3117 866 3220 supernaturali
884 3119 1027 3187 offerant.
1300 3115 1308 3130 ⁴

763 3301 779 3368 s
795 3304 814 3354 1.

417 3451 454 3500 Do
464 3445 613 3511 obligatione
623 3449 726 3512 petendi
737 3449 763 3520 ei
773 3446 893 3496 reddendi
905 3446 1016 3498 dolitum
1025 3437 1163 3507 conjugale.

318 3593 553 3683 875.-Parano1
566 3594 705 3664 debiturn
718 3591 804 3660 nulia
818 3591 969 3684 obligatio
982 3616 1039 3686 por
1051 3616 1101 3669 so;

317 3683 406 3756 Boni
430 3695 505 3759 veri>
522 3683 688 3785 aliquando
702 3715 759 3785 par
783 3687 926 3758 accidens
942 3715 979 3757 ox
1003 3687 1154 3774 charitate
1167 3701 1219 3756 aut
1243 3685 1306 3754 atii

276 3783 403 3864 virtute,
418 3800 453 3851 ut
463 3787 489 3854 si
501 3812 645 3884 compars
660 3802 853 3882 compartum
866 3783 984 3877 judicat
994 3784 1113 3852 versari
1126 3782 1157 3850 in
1168 3781 1306 3876 periculo

163 3927 177 3952 ι
277 3875 518 3963 incontinentia,
534 3885 582 3949 vol
598 3881 625 3948 si
638 3882 679 3950 ad
698 3880 866 3948 sormidam
880 3895 933 3946 aut
947 3879 1177 3946 restaurandam
1201 3877 1306 3944 antici·
