2926 4680
286 318 360 412 428
530 393 538 410 ,
618 311 991 398 ursaonarunnno'
1424 381 1425 390 l

285 430 375 478 rochus
384 429 427 492 qui
439 441 526 477 eornm
543 425 700 478 matrimonio
711 427 857 486 interesset,
868 425 917 474 nisi
934 417 1004 486 priris
1018 415 1165 484 diligentem
1178 419 1322 482 inquisitio-
1424 413 1425 426 ²

207 552 212 561 ¹
284 495 440 552 ttemlccorlt
449 499 476 546 ot
485 510 539 545 rem
549 495 740 546 adordinarium
750 489 925 556 deteriorimb
940 505 1020 556 coque
1034 489 1163 541 licentiam
1173 489 1321 540 obtinuerit.
1424 517 1425 528 ι

284 565 348 614 vilo
357 566 553 625 inimimicus
560 565 594 630 ‚2⁷
600 597 609 624 ,
619 577 673 626 cop.
683 565 697 612 'l
709 564 740 612 do
751 563 918 612 matrimonio.

315 635 430 696 Episcopi
441 646 515 695 vagos
525 630 656 694 aliquando
668 634 810 694 dispensant
820 627 834 680 'a
845 630 988 680 domicillo·
1006 633 1010 640 ’
1252 642 1254 648 ’
1424 665 1425 682 ,

317 702 353 767 (p)
364 698 544 752 animulas
554 703 676 763 exigenda
686 697 760 763 supii
773 699 839 748 dicta
851 698 1034 758 instnuncnia,
1044 697 1071 746 ei
1081 695 1102 744 ei
1113 708 1162 745 non
1177 693 1323 754 indicentur

234 771 236 776 '
284 773 378 824 habero
392 769 517 822 sufficiens
534 772 703 829 domicilium,
715 771 865 820 obtinendus
884 769 922 818 est
932 780 1067 818 consensus
1082 766 1184 827 parochi
1199 763 1323 814 domicilii

283 842 461 906 precedentis,
472 838 500 888 ni
510 841 643 902 Episcopus
653 841 726 890 aliter
742 839 851 889 censeat.

113 899 114 902 ’
314 911 454 965 obtinenda
464 901 1322 972 iusuperomnlsnecossarianuncsuperiorummilitariumlicentia.

708 1071 897 1135 arrnnnix

575 1214 612 1263 Do
626 1213 784 1276 memoriis
795 1209 1031 1288 sitorum-scottico.

326 1347 401 1422 853.
417 1345 499 1418 linc
509 1343 707 1413 matrimonia
713 1343 852 1412 invalida
863 1357 933 1412 sunt
944 1339 1047 1436 quoad
1058 1338 1184 1409 effecius
1199 1336 1322 1419 civiles,

284 1441 312 1516 si
331 1443 407 1512 fiant
428 1441 494 1510 sine
509 1465 657 1510 consensu
694 1455 849 1520 arentum,
860 1437 971 1506 saltem
992 1435 1131 1530 legitimi
1148 1430 1320 1526 requisito,

284 1537 341 1606 sed
354 1535 459 1609 valida
472 1536 577 1628 quoid
587 1533 658 1602 vinc
692 1559 746 1600 um
760 1547 791 1602 et
800 1548 1043 1613 sacramentum,
1062 1528 1121 1600 etsi
1133 1528 1269 1620 graviter
1281 1555 1322 1598 ex

284 1658 397 1728 genere
411 1657 465 1699 suo
480 1630 600 1700 illicita.
1062 1624 1065 1629 ’

244 1777 245 1780 ¹
325 1724 519 1796 Consonsum
546 1725 622 1817 engi
644 1736 811 1820 parcium
830 1736 955 1819 peiere,
971 1721 1006 1792 in
1021 1723 1217 1818 quicumque
1229 1731 1322 1790 etate

286 1820 774 1915 debentfilii·iamiliis·[333,c].
1271 1842 1274 1848 ¹

326 1917 395 1990 Pro
408 1915 504 2000 civili,
519 1915 594 1988 vide
604 1941 674 2010 cap.
690 1927 728 1998 r',
741 1915 790 1983 tit.
808 1921 839 1995 5,
850 1913 909 1984 lib.
927 1943 939 1980 1
954 1916 1025 1982 cod.
1042 1912 1132 1984 civil..

652 2086 931 2162 'tirrannusxn

598 2267 637 2318 De
655 2268 833 2330 inpedimento
848 2267 1010 2330 impotentiae.

324 2435 509 2500 Innnonaro
523 2426 667 2520 ardenter
680 2427 745 2498 Dei
760 2442 790 2497 et
802 2428 1009 2496 immaculatae
1023 2426 1167 2522 Virginis
1180 2430 1323 2517 auxilio,

304 2526 503 2622 raemissique
525 2523 611 2594 omni
628 2549 760 2593 venereo
780 2522 883 2593 sensui
909 2523 1124 2619 displicentia,
1156 2528 1333 2618 sequentia·

281 2553 371 2716 iege,
386 2622 553 2719 ampliores
563 2635 733 2703 tractatus,
746 2619 900 2690 doctiores
921 2636 952 2688 et
964 2619 1101 2688 maxime
1110 2616 1321 2718 Episcopum,

282 2716 316 2788 in
331 2717 452 2786 casibus
468 2715 720 2786 extraordinariis
734 2715 940 2786 consulturus.
1029 2797 1032 2804 f

288 2809 289 2816 '
324 2815 400 2890 854.
414 2809 602 2905 impotentia
617 2827 663 2880 est
672 2811 862 2906 incapacitas
876 2810 1014 2880 habendi
1025 2809 1170 2907 copulam
1178 2836 1321 2880 consum·
1424 2821 1425 2834 ¹

281 2921 418 2987 mamm,
437 2904 472 2973 id
495 2920 541 2973 est
554 2921 661 3001 aptam
684 2907 726 2975 ad
744 2907 994 2997 generationem,
1010 2932 1066 2975 seu
1080 2922 1127 2977 est
1138 2905 1319 2978 inhabilitas
1424 2985 1425 2996 ,

282 3001 324 3072 ad
347 3012 461 3070 coitum
481 2999 655 3070 naturalem
676 3018 708 3069 ct
730 3001 770 3070 dc
785 2996 1035 3096 seproiificum3
1052 3027 1108 3071 seu
1129 3004 1255 3072 tandem
1266 3019 1319 3074 est
1424 3001 1425 3004 ¹

233 3152 236 3158 .
282 3099 422 3174 deiectus
435 3096 863 3192 impedienspenetrationem
877 3097 1082 3169 sufficientem
1091 3090 1173 3169 vasis
1187 3115 1319 3168 natura-

283 3196 339 3278 lis,
362 3194 413 3264 vel
426 3194 460 3262 in
473 3219 510 3262 eo
532 3193 783 3272 seminationem,
802 3194 895 3264 iiiuc
915 3196 965 3263 vir
987 3209 1017 3262 ei
1031 3193 1143 3263 mulier
1168 3194 1250 3265 offici
1264 3220 1318 3265 ne-

283 3305 398 3386 queant
411 3294 474 3358 una
488 3315 560 3358 earo
569 3291 660 3374 [361,
673 3293 710 3375 a]
721 3291 783 3375 (a).
845 3353 847 3356 .

272 3414 277 3497 p
323 3385 413 3478 Ergi
436 3385 589 3482 impotens
605 3400 733 3454 nonest
751 3383 866 3454 mulier
890 3409 959 3480 quae
972 3409 1078 3456 semen
1097 3383 1159 3452 viri
1172 3385 1317 3480 recipere

281 3495 399 3574 potest,
421 3480 478 3549 etsi
495 3480 574 3548 illud
590 3481 725 3550 retinere
743 3494 875 3576 nequeat
892 3511 901 3560 ;
916 3496 969 3548 aut
985 3479 1053 3575 ipsa
1079 3505 1143 3550 non
1166 3481 1314 3564 seminet,

283 3588 336 3640 aut
349 3571 472 3643 aliunde
484 3572 599 3644 sterilis
610 3575 661 3659 sit,
672 3574 722 3644 vel
734 3600 845 3670 parcre
857 3591 1002 3670 nequeat.
1326 3643 1331 3654 .

289 3711 292 3718 ι
324 3665 395 3736 Νεε
408 3693 497 3738 senes
515 3671 557 3739 ad
576 3670 809 3760 generationem
821 3670 932 3768 inepti,
945 3671 1041 3744 modi
1053 3671 1119 3768 apti
1132 3673 1195 3744 sint
1206 3670 1247 3741 ad
1257 3697 1315 3740 eo-

283 3761 390 3858 pulam
407 3765 604 3874 completam.

325 3857 511 3955 impotentia
520 3865 628 3933 venire
635 3878 739 3941 potest
748 3865 789 3938 al
800 3863 969 3939 intrinseco
981 3882 1013 3938 et
1023 3868 1063 3937 ab
1075 3869 1246 3940 extrinseco
1253 3865 1311 3953 (b);
