2926 4680
533 265 847 364 aaustremonii.

584 465 752 532 suerro
771 471 832 532 111.

436 628 612 680 Dcoffociibus
620 631 774 680 matrimonii
780 635 980 696 particularibus.
998 629 1004 640 '
1065 654 1074 680 ι

236 783 310 848 822.
327 775 373 844 Hi
393 791 464 846 sunt
480 775 638 846 vinculum
654 791 684 845 et
698 777 899 870 obligationes
916 810 954 851 eu
969 763 1224 868 eoresultanteic

236 870 561 943 Societasc‘ommunis
576 891 605 942 et
615 875 699 942 bona
710 871 783 940 ind'e
795 877 989 966 exurgentia;
1050 951 1053 958 ,

234 969 278 1038 Et
290 969 473 1060 legitimatio
487 969 595 1038 saltem
606 970 710 1064 quoad
727 969 854 1038 effectus
870 971 1044 1065 spirituales
1059 975 1107 1064 (a)
1122 973 1238 1074 prolis‘

136 1079 138 1083 ’
191 1091 256 1134 non
268 1066 382 1161 spuriae
395 1069 441 1152 (b)
452 1071 523 1134 ant'e
535 1066 768 1134 matrimonium
781 1080 872 1146 natae,
888 1081 941 1132 aul
953 1071 972 1132 b
985 1068 1107 1136 fortiori
1119 1071 1223 1140 solium

194 1181 348 1256 conceptae
365 1164 425 1248 (c),
447 1161 750 1232 eisimatrimonium
769 1161 856 1230 aliud
871 1161 1094 1240 intercesserit'‚
1109 1167 1222 1252 modio,
1258 1235 1265 1254 ,
1301 1235 1307 1246 ,

192 1257 398 1356 probabilius,
415 1284 546 1352 sequens
560 1256 794 1325 matrimonium
809 1256 849 1325 sit
863 1256 987 1327 realiter
998 1257 1147 1327 validum.

234 1353 321 1422 Nota
338 1386 345 1422 ι
361 1353 513 1446 Legitimi
533 1353 644 1421 itidem
662 1369 732 1422 sunt
755 1351 858 1446 quoad
879 1353 1006 1420 effeetus
1026 1349 1222 1447 spiritualeS,

191 1448 255 1516 nati
271 1449 321 1518 vel
336 1450 437 1519 solium
451 1449 590 1543 concepti
605 1475 641 1517 ex
655 1448 866 1528 matrimonio,
882 1449 964 1516 boni
975 1447 1048 1528 lide,
1063 1448 1171 1516 saltem
1185 1477 1223 1520 ex

191 1547 252 1613 uni
272 1561 360 1637 parte
375 1546 530 1628 invalido,
554 1547 646 1614 modi)
663 1545 854 1613 celebratum
868 1545 908 1613 sit
929 1544 962 1612 iu
979 1544 1060 1613 facie
1074 1541 1223 1615 Ecclesiae

191 1657 223 1707 et
236 1641 345 1709 bannis
359 1641 575 1736 promulgatis.
593 1641 630 1709 Si
643 1641 811 1736 nequidem
823 1668 861 1708 ex
875 1643 936 1709 uual
949 1656 1039 1736 parte
1050 1636 1136 1708 bona
1145 1641 1223 1732 lidep

190 1733 304 1818 luerit,
322 1737 379 1803 lilii
401 1762 463 1804 non
479 1736 692 1827 legitimantur
712 1736 773 1805 nisi
783 1762 841 1830 per
860 1739 1048 1830 subsequens
1063 1734 1224 1804 matrimo⁴

190 1830 288 1912 nium,
309 1831 429 1899 sublato
449 1831 690 1926 impedimenm,
708 1833 748 1900 de
762 1858 843 1899 novo
858 1849 1062 1904 contractum.
1079 1831 1148 1899 Imo
1162 1856 1223 1904 nce
1244 1862 1248 1871 ·
1303 1844 1311 1855 '

190 1938 263 1994 tunc
273 1925 533 2015 legitimarentur,
547 1926 572 1994 si
586 1926 845 2020 impedimentum
855 1926 950 1995 luerit
964 1927 1101 2020 ligamen
1112 1926 1178 2014 (d).

221 2095 258 2160 (c)
269 2099 315 2144 Pro
326 2097 411 2156 cirili,
426 2095 478 2144 vid.
490 2095 547 2144 coti.
559 2095 609 2144 civ.
896 2099 899 2106 ’
977 2125 978 2131 ,
1083 2123 1086 2131 .

221 2166 257 2230 (b)
269 2169 357 2228 spuria
366 2167 468 2214 vocatur
478 2162 519 2212 bic
535 2178 584 2212 non
593 2165 675 2212 omnis
694 2164 824 2224 illegitime
839 2167 936 2226 proles,
946 2165 990 2214 secl
1004 2167 1126 2227 quanm
1139 2167 1178 2216 esi
1187 2179 1222 2225 ex

189 2237 325 2295 adulterio,
337 2236 376 2282 vei
388 2236 499 2293 incestu,
511 2235 552 2282 vei
571 2235 709 2294 sacrilegio.
722 2235 790 2286 lianc
809 2246 858 2284 non
875 2235 997 2294 legitimat
1007 2235 1160 2296 subsequens
1170 2248 1223 2284 ma-

189 2305 419 2364 trimoniummisi,
431 2299 598 2364 probabilius,
612 2304 669 2350 nata
685 2305 718 2351 sil
735 2298 864 2364 poslqubm
883 2303 993 2362 pateret
1010 2303 1105 2364 maier,
1123 2298 1220 2353 sublato

189 2376 380 2508 idrpppcpisrppppp,
391 2370 474 2422 validi
484 2375 551 2422 inter
561 2387 588 2422 sc
599 2373 791 2432 contraxerunt3
807 2369 859 2420 imi>
877 2369 939 2420 fortia
955 2373 1008 2432 jam
1025 2369 1105 2421 solium
1119 2373 1220 2424 obtentu

219 2514 252 2577 (c)
265 2516 375 2563 Sumitur
385 2510 453 2561 enim
463 2513 562 2574 tompus
572 2513 637 2574 proli
647 2510 823 2572 favorabilium
834 2507 885 2560 imb
900 2511 926 2559 in
938 2490 1019 2559 dubio
1027 2525 1059 2560 an
1070 2511 1220 2573 prolesnata
1325 2547 1327 2556 .

188 2584 269 2631 silvei
280 2584 397 2644 concepta
407 2584 518 2643 ternpore
529 2595 576 2642 quo
588 2583 703 2641 parentes
712 2581 837 2629 inhabiles
847 2583 918 2630 erant
931 2580 962 2628 acl
971 2581 1180 2644 contrabentium,
1190 2581 1220 2631 in

188 2653 296 2700 favorem
309 2652 381 2712 prolis
389 2651 554 2711 praesumitur.
565 2652 700 2699 Benedictus
711 2651 780 2708 XIV,
790 2651 967 2700 constitutione
976 2651 1071 2700 remoto
1080 2649 1156 2699 nobis.

218 2723 374 2782 relegionis
384 2721 530 2780 reputantur
541 2719 622 2779 proies
636 2720 765 2780 expositor.
852 2732 858 2744 ·
1221 2727 1223 2733 ⁴

192 2822 196 2830 -
219 2786 510 2866 (d)iiaec'lamcnconira
519 2788 624 2849 sliquos.

576 2944 749 3010 SECTlO
767 2945 814 3008 tv

486 3118 524 3166 Dc
541 3117 695 3167 matrimonii
712 3118 906 3180 proprietatibus
995 3157 1001 3166 ,

228 3261 292 3330 Hm
305 3276 376 3330 sunt
389 3261 455 3350 ejus
467 3260 634 3344 honestas,
648 3261 750 3328 unitas
769 3276 799 3328 et
813 3259 1086 3344 indissobrbilitas,
1101 3260 1141 3328 de
1155 3262 1218 3356 qul

187 3357 240 3428 bic
251 3358 365 3428 solum.

228 3451 488 3524 Indissolubilitas
510 3464 613 3518 amem
629 3449 698 3518 baec
721 3473 793 3543 quae
812 3441 891 3540 juris
913 3465 960 3518 est
974 3450 1132 3518 'naturalis
1152 3475 1225 3521 non

186 3551 297 3629 stricti,
312 3565 341 3618 et
354 3549 431 3637 iuris
443 3545 542 3614 divini
555 3545 681 3640 positivi
691 3545 776 3627 novi,
791 3544 909 3640 patitur
925 3545 1134 3640 exceptiones,
1144 3550 1219 3616 -sivc

186 3647 290 3742 quoted
301 3644 458 3714 vinculum
471 3642 535 3712 sive
549 3641 655 3736 qtroid
667 3657 771 3709 torum
786 3657 817 3710 et
831 3641 1051 3710 habitationum
1064 3641 1124 3724 ,ob
1139 3665 1217 3754 quas
1238 3633 1243 3643 x

187 3743 351 3840 separatio,
368 3742 478 3813 saltem
495 3740 599 3834 quold
613 3755 718 3810 torum
736 3754 767 3810 et
785 3737 1025 3823 habitationem,
1046 3739 1215 3810 divortium
1313 3814 1324 3835 ,

99 3840 108 3854 “
188 3859 327 3912 vocatur.
