2926 4680
497 333 858 392 marnrnonrr.
1103 320 1183 410 ¹341

149 427 299 523 aliquo'
273 437 362 518 srg'no
371 424 417 511 (c)
432 424 473 492 ab
487 423 586 493 altero
600 423 752 510 adultero,
768 445 899 515 quaque
911 445 974 490 non
987 436 1132 492 revocata
1145 426 1198 521 sit

155 529 226 594 ante
241 521 448 603 adulterium,
463 519 718 604 matrimonium,
717 520 851 611 mortui
865 533 1041 616 comperte,
1057 517 1137 592 inter
1152 546 1186 592 se
1253 543 1256 552 ¹

156 619 322 689 eundi.-

155 647 241 786 ιιῙΕι
258 713 372 784 sufficit
375 711 558 822 promissio
570 673 652 793 ficta,
668 709 762 783 modi
773 732 848 780 vera
862 724 1022 816 appareat,
1036 710 1187 781 conditio-

152 827 308 922 nataque,
328 811 384 880 etsi
398 807 601 920 impossibilis
614 822 667 878 aut
683 805 798 900 turpis,
814 830 1025 898 repugnansve
1040 791 1187 878 substau-

28 943 46 966 κ
60 983 63 990 ,
152 909 207 976 tiae
216 905 408 975 matrimonii
398 903 498 973 foret
512 903 660 986 conditio,
675 903 770 970 modo
784 901 854 974 hinc
866 903 937 970 ficta
949 927 1011 970 non
1021 919 1191 996 appareat,

91 1025 97 1036 “’
124 1057 125 1064 ι
153 1031 212 1074 uec
233 1002 370 1072 conditio
392 1000 524 1070 defuerit
544 1005 615 1069 ant'e
636 997 834 1070 adulterium.
855 997 973 1088 (Tunc
998 1000 1085 1070 enim
1101 999 1187 1070 nulla

155 1116 235 1169 esset
246 1099 515 1206 promiss10)(d)
806 1154 809 1160 .
980 1155 982 1162 ,
1140 1151 1144 1154 ,

165 1187 247 1290 Et
250 1193 398 1264 afortiori
413 1191 627 1287 promissionis
640 1191 745 1260 locum
754 1205 838 1262 tenet
847 1187 1080 1270 matrimonium
1090 1206 1187 1262 atten-

155 1261 252 1376 titum
271 1289 393 1360 vivente
410 1304 589 1397 camparte,
603 1287 713 1368 modo,
729 1273 873 1380 utrinque
897 1285 1028 1390 scienter
1046 1310 1188 1380 consum-

154 1401 288 1478 matum,
304 1384 493 1454 adulterium
506 1383 558 1454 sit.
1211 1379 1218 1398 ⁸

195 1480 264 1550 Nec
276 1497 444 1574 requiritur
455 1495 620 1574 promissio
628 1492 862 1572 mutua‚utpro
875 1474 1080 1572 sponsalibus,
1092 1476 1187 1548 modo
1268 1515 1286 1540 ι

153 1577 207 1651 &t
221 1604 291 1646 cum
305 1577 479 1664 cognitione
493 1575 683 1644 matrimonii
699 1575 855 1646 existentis
864 1577 920 1660 (c).
968 1661 971 1666 ,

196 1673 232 1742 Si
245 1673 416 1742 invalidum
431 1690 511 1744 esset
525 1671 644 1755 actuale
665 1670 914 1750 matrimonium,
930 1669 1188 1765 impedimentum

154 1794 216 1837 non
233 1768 478 1850 contraheretur,
491 1768 565 1904 quia
576 1767 686 1858 copula
695 1792 758 1837 non
770 1782 850 1836 esset
859 1765 1058 1840 adulterium.

187 1957 224 2024 (ιι)
236 1957 313 2022 callet
324 1955 349 2005 et
360 1957 403 2006 alii
414 1957 552 2014 aestimant,
563 1957 589 2004 in
600 1955 715 2016 presenti
726 1967 785 2012 casu
795 1955 909 2006 suiticcre
920 1956 952 2002 ad
962 1941 1112 2013 adulterium
1121 1957 1188 2004 rasis

60 2077 61 2080 ,
156 2029 308 2090 penetratio,
320 2027 373 2074 sine
383 2038 483 2072 seminis
493 2025 524 2071 ad
535 2025 599 2072 intra
611 2023 746 2082 infusione
758 2025 833 2084 quia,
845 2024 974 2085 inquiunt,
985 2033 1072 2072 verum
1084 2025 1188 2072 esttunc

156 2097 321 2154 adulterium,
332 2096 358 2142 et
370 2091 469 2141 aliunde
485 2094 647 2141 eluderentur
666 2105 772 2140 canones
780 2097 905 2153 ,quornm
922 2093 977 2139 linis
995 2094 1046 2151 est,
1058 2091 1191 2143 statuentia

156 2178 264 2244 praesens
275 2128 494 2224 iniredimentum,
503 2163 616 2212 avertere
627 2173 677 2210 non
688 2156 766 2210 solim
776 2162 807 2210 ab
818 2161 940 2214 adulterio
951 2163 1133 2226 consummato,
1143 2163 1188 2214 sed
1255 2199 1257 2204 ,

156 2229 344 2314 annocumque.

187 2304 236 2351 Atii
247 2298 330 2350 contri
341 2301 465 2360 sentiunt,
481 2300 557 2348 etms
571 2299 655 2358 indice
667 2299 770 2360 melius,
786 2301 845 2361 quia
864 2295 920 2348 cirin
934 2301 975 2359 jus
989 2299 1076 2348 statuit
1091 2300 1191 2362 aliquid
1290 2289 1296 2306 ¹

157 2367 222 2422 ciret
234 2373 346 2430 crimina,
355 2334 543 2428 inteutssinoum
552 2370 589 2417 est
598 2370 629 2416 dc
640 2369 787 2418 criminibus
794 2368 983 2430 consummatis,
994 2370 1021 2417 ιιι
1029 2370 1187 2420 aiitcrdicat.

157 2441 203 2492 iiic
219 2444 301 2490 autem
322 2453 371 2488 non
390 2452 415 2490 se
427 2439 544 2499 explicat.
557 2435 677 2498 Aliunde,
693 2441 809 2525 eqnjdem
821 2441 960 2502 penetratio
972 2440 1035 2490 vasis
1046 2441 1122 2490 habet
1132 2453 1191 2502 spe·

157 2515 222 2565 ciem
234 2511 366 2572 adulterii,
377 2513 441 2561 sicut
452 2512 559 2572 quilibet
569 2511 612 2560 alii
623 2511 715 2572 tactus3
727 2514 799 2560 scd'
780 2526 833 2561 sine
845 2514 963 2562 ciiusrone
970 2527 1073 2562 seminis
1083 2515 1113 2561 ad
1122 2509 1188 2562 intrir

157 2599 206 2634 non
215 2585 374 2634 videturesse
383 2579 482 2643 proprie
493 2583 519 2632 et
528 2573 613 2630 stricti
623 2581 717 2629 dicturo
723 2583 883 2644 adulterium,
893 2595 943 2631 non
953 2584 1020 2631 enim
1031 2584 1068 2632 est
1077 2583 1188 2643 perfecta

158 2653 239 2704 carnis
254 2653 350 2702 divisio.
729 2667 750 2706 ι

190 2721 224 2789 (b)
237 2722 284 2770 Sed
294 2716 355 2769 nirm
366 2731 466 2768 necesse
474 2719 600 2779 atiniaria
610 2719 653 2773 fiat
663 2719 770 2771 scienter
780 2720 810 2767 ab
820 2721 924 2782 utroque
935 2719 1016 2770 eidem
1021 2719 1187 2782 manantes,

158 2805 216 2852 seu,
226 2794 254 2839 ut
265 2791 386 2839 alteruter
397 2787 459 2839 sciat
466 2790 612 2849 complicem
621 2801 693 2840 suum
705 2803 758 2838 esse
767 2789 941 2850 coniugatum?
955 2790 1094 2850 Disputaut.
1103 2791 1131 2838 In
1140 2791 1187 2839 hoc

158 2875 216 2910 casn
226 2860 362 2917 rarissimo,
374 2859 405 2905 ad
415 2860 535 2906 cantelam
546 2859 653 2920 petenda
663 2859 821 2919 dispensatio.

189 2929 222 2996 (c)
232 2931 337 2990 Quidam
346 2928 461 2978 dubitant
470 2941 502 2976 an
512 2929 668 2979 taciturnitas
678 2929 846 2978 nonhabcnda
856 2928 939 2991 sitpro
949 2927 1127 2991 acceptatione
1134 2931 1187 2978 Non

158 3002 271 3060 videtur,
282 3000 340 3060 quia
351 3011 390 3046 res
401 2997 497 3058 vergit
491 3010 517 3044 ιιι
527 2999 704 3046 detrimentum
714 2999 833 3046 tacentis·
826 3031 833 3059 ,
843 3009 916 3046 nemo
923 2999 1005 3046 antem
1017 3002 1132 3048 censetur
1141 3012 1188 3064 per

158 3070 286 3120 eilemium
294 3079 365 3116 suum
376 3069 504 3130 acceptare
515 3068 563 3114 sibi
571 3069 694 3116 nocentia.
707 3067 872 3114 Consulendns
880 3067 943 3114 ioret
954 3067 1096 3128 Episcopus.

188 3133 262 3186 auxta
272 3137 479 3196 communiorem,
490 3137 620 3196 promissio
637 3139 663 3185 et
672 3137 821 3186 adulterium
836 3147 983 3183 concurrere
998 3136 1090 3184 debmt
1105 3135 1132 3184 in
1148 3147 1191 3184 eos

160 3206 217 3255 dem
227 3205 393 3252 matrimonio.
409 3205 435 3252 Si
446 3205 528 3264 enim,
539 3206 653 3264 vivente,
665 3219 689 3254 v.
701 3218 747 3268 ιιι,
759 3203 838 3265 primi
853 3205 1126 3263 macerationibus
1137 3217 1190 3254 ma*

159 3273 303 3323 trimonium
314 3273 466 3332 promiserit,
478 3276 504 3322 et
512 3286 590 3320 uxore
599 3272 714 3322 defuncta
722 3275 795 3320 aliam
806 3274 880 3321 ducat
890 3271 938 3334 qni
945 3273 1045 3321 vivente
1056 3287 1112 3323 cum
1120 3271 1188 3322 Anna

160 3341 328 3398 adulteretur,
339 3341 454 3388 censetur
464 3352 509 3401 per
520 3341 654 3388 secundum
661 3342 844 3388 matrimonium
854 3341 1040 3401 promissionem
1051 3355 1187 3392 revocasse.

159 3404 330 3463 'tutiusadbie
341 3410 471 3470 peteretur
479 3409 636 3471 dispensatis,
644 3409 793 3508 si,deinnctt
800 3408 908 3506 secundi
917 3411 1189 3473 unerei’etrnsdnnam

160 3478 348 3527 dacertvciiet.

192 3545 227 3609 (ιι)
245 3548 433 3595 promissionem
449 3547 655 3606 conditionatum,
673 3548 704 3596 ad
727 3501 893 3598 inducendum
911 3549 1134 3610 impedimentum
1139 3565 1188 3602 non

160 3616 290 3676 sufficere,
302 3615 416 3664 nisiante
427 3617 532 3664 mortem
548 3615 697 3677 conjugisin
714 3617 850 3666 absolutam
866 3617 1007 3678 transierit,¹
1023 3619 1190 3670 docenteorn·

160 3685 279 3733 munitor.
294 3680 381 3733 corrui
396 3685 480 3733 umen
490 3686 568 3734 sentit
583 3685 677 3745 Callet,
688 3686 746 3746 quia
761 3687 870 3752 conditio
882 3701 959 3754 uuae
957 3699 1007 3735 non
1017 3685 1190 3740 verificaretur

159 3748 218 3801 ante
238 3754 343 3801 mortem
354 3753 478 3814 conjugis,
497 3753 582 3804 movet
603 3753 635 3803 ad
652 3755 812 3803 adulterium.
832 3746 901 3804 Tunc
919 3743 998 3804 adhuc
1013 3759 1121 3818 petenda
1135 3761 1192 3809 dis-

161 3823 282 3882 pensatio.

123 3965 126 3970 Ι
193 3885 226 3952 (c)
237 3889 265 3938 in
276 3901 334 3942 casu
341 3889 431 3952 raquo
445 3890 572 3955 promissio
584 3889 744 3948 senenses
754 3904 811 3946 cnm
829 3892 964 3954 irremotis
975 3873 1157 3956 instituenti,
1151 3905 1189 3944 ιιιε
