2950 4680
248 357 322 444 dib
407 363 647 453 ιιιιιιιιιιο
664 371 718 438 ιιι
741 379 882 436 snxro
898 380 1134 436 nemoroso
1251 431 1252 436 e

279 463 1285 538 (ιιιιιιιιιιιιιιιιειιιιιιιιιιιιιιιιιιιιιιιιιιιιιιιιιιιιιιιιιιᾳι

247 544 364 595 allectum
376 543 407 590 acl
418 544 556 603 peceatum.
568 541 637 589 llolti
649 541 680 590 ob
690 542 792 600 peecata
802 539 943 600 tragilitatis
954 540 1144 588 damnabuntur.
1150 543 1213 590 Dens

278 613 310 661 st
321 609 369 661 nie
386 612 454 660 locus
475 611 540 660 ieret
553 609 652 658 dicendi
661 608 692 658 de
703 622 761 657 casu
777 621 826 658 non
837 603 942 656 multum
961 621 1030 668 raro,
1041 621 1115 688 qoem
1125 609 1207 656 temen
1218 610 1290 668 aeuo

248 679 576 729 nullomanctoreminreni
583 680 722 740 ,certusque
739 678 832 726 decisio
851 691 891 727 me
908 689 1007 738 semper
1024 671 1059 725 itt
1079 677 1244 737 angustiavit,
1255 681 1285 728 ut

246 745 301 811 iere
312 751 419 801 nesciam
430 749 489 810 qaid
502 748 593 796 dicam.
604 749 668 795 De''
652 760 683 798 ns
698 747 787 806 puellis
806 748 904 807 loquor,
916 759 985 807 quae,
996 759 1044 794 non
1058 746 1170 794 obstante
1178 759 1283 808 magno,

247 817 538 879 qooaiiectrevideniur,
549 817 638 864 timore
650 813 945 874 nei,portooietstanren
952 810 1208 874 ,atiquendbsaltem
1218 816 1284 870 tem·

244 885 365 948 poribus(
376 882 439 934 forte
450 886 597 934 iustrmtibus
607 883 740 932 menstruis
752 880 761 943 )
773 877 806 930 lt'e
815 884 977 930 veliementer
987 883 1114 930 tentantor
1123 883 1150 930 et
1159 882 1228 942 quasi
1240 894 1284 932 ιιι·

247 955 323 1004 turali
335 954 496 1012 necessitate,
514 954 546 1000 ob
562 951 712 1012 nescioquirl
727 951 875 998 incommodi
886 954 912 999 et
930 951 1076 1004 attrahentis
1085 951 1152 1011 quod
1169 951 1284 1001 sentiunt

248 987 511 1085 (connestionemioiie
521 1022 631 1069 lruruoris
642 1020 762 1080 foeminei)
775 1021 879 1079 tarrgaut
887 1032 914 1067 se
916 1021 1073 1078 etoelluunt
1085 1032 1133 1067 non
1145 1017 1283 1068 desiderati

248 1089 300 1140 inb
310 1105 356 1140 nec
366 1090 469 1152 cogitata
481 1088 578 1150 cupuli.
589 1085 754 1137 Misericordia
764 1090 861 1150 dignen,
872 1091 986 1138 attamen·
997 1089 1082 1137 stando
1093 1089 1222 1149 prineiliis
1232 1099 1282 1140 ιιιιι

248 1161 365 1210 videntur
375 1173 444 1222 posse
456 1159 548 1208 absolsi
552 1155 707 1220 ‚usquedum
717 1159 839 1219 superetis
849 1171 898 1206 non
909 1159 985 1206 semel
996 1171 1042 1218 per
1051 1159 1177 1219 potentem
1188 1160 1213 1206 et
1223 1171 1283 1208 ceu·

248 1231 369 1280 tinuatam
380 1231 412 1278 ad
423 1230 471 1278 alie
481 1229 557 1277 aninri
569 1229 817 1289 oppineimense
833 1225 896 1276 forte
907 1228 987 1276 cernis
1001 1229 1060 1275 tunc
1077 1229 1282 1298 inereretionem,

248 1299 345 1361 mesra
355 1311 430 1360 snper
441 1300 567 1357 humeros,
579 1300 638 1356 etc,
649 1298 689 1345 iris
699 1298 847 1356 importunis
861 1298 1052 1362 tentationibus,
1064 1297 1199 1345 emendatas
1210 1293 1284 1355 judi

248 1372 345 1422 centar'.
354 1371 413 1417 Nam
424 1369 471 1416 etsi
482 1365 613 1428 aliqunnrl'o
625 1331 676 1414 iere
687 1366 816 1416 dubitetur
828 1379 859 1414 an
874 1363 933 1414 vere
945 1359 1029 1414 liberae
1040 1367 1105 1424 sint,
1116 1365 1166 1414 abit
1175 1365 1283 1416 lintrium

248 1433 306 1488 edm
317 1437 453 1488 attenditur
462 1432 527 1496 quoa
548 1431 616 1495 prius
635 1435 789 1494 restiterint,
804 1437 830 1482 et
840 1431 923 1494 postet
935 1434 1042 1484 doleant.
1058 1435 1119 1482 Sunt
1129 1433 1174 1481 sibi
1183 1435 1282 1483 occasio

248 1507 360 1568 peccati3
372 1503 428 1565 erni)
449 1505 543 1554 debent
560 1517 586 1551 se
605 1517 691 1562 gerere
707 1504 772 1554 sient
790 1504 811 1552 si
832 1504 926 1550 alselin
941 1506 1095 1553 tentarentur
1110 1503 1281 1556 vehementer.

248 1571 375 1636 Praecipue
389 1574 516 1624 moriende
527 1575 555 1622 ut
566 1572 671 1622 instante
681 1573 725 1621 tali
737 1571 873 1620 tentatione
884 1572 1060 1621 couiesserium
1075 1571 1172 1620 adeant
1255 1621 1256 1626 ,

719 1661 832 1678 -Ὰ

283 1697 680 1806 -74ι34οι1ἱιθιῖιᾶῦἷῑιῌιι
694 1717 803 1826 gravia
812 1716 921 1784 eedem
932 1714 1123 1798 relabuntur,
1137 1741 1200 1784 nen
1210 1731 1282 1787 sum

248 1746 429 1893 ordinarie,
450 1816 538 1880 estre
558 1835 665 1880 casum
683 1811 877 1880 necessitatis
900 1810 1104 1895 absolvendi,
1125 1813 1198 1894 nisi,
1223 1835 1281 1907 per

238 1907 353 1976 fmediu
366 1863 692 2016 ipsisprasscribenda,
704 1906 903 2000 debitamque
913 1907 1141 2003 probationem,
1153 1908 1280 1977 mutatis

248 1989 400 2086 moribus,
417 2028 562 2097 omnique
576 2003 617 2070 ad
630 2018 792 2098 peccatum
806 2003 981 2079 volurrtario
999 2004 1113 2074 effectu
1123 2003 1278 2102 deposito,

239 2095 374 2166 'contriti
385 2113 567 2190 appareant
641 2138 643 2148 ,
681 2123 685 2137 ¹

289 2193 395 2267 Anteia
413 2191 496 2258 enim
517 2219 589 2258 vere
615 2187 737 2267 contriti
753 2192 965 2284 judicarentur
986 2193 1211 2304 imprudenter,
1229 2193 1279 2264 rel
1300 2265 1303 2270 ,

205 2341 210 2352 .
226 2325 232 2334 ·
246 2285 343 2356 etiam
355 2312 393 2355 ex
406 2286 928 2395 protestationibusgemitibusque,
944 2288 1018 2408 quie
1030 2293 1177 2382 magisex
1187 2291 1278 2372 duri,

248 2406 344 2490 quam
363 2381 456 2450 sibi
446 2399 671 2492 imposuerunt,
686 2383 883 2465 necessitate,
899 2382 994 2477 quiam
1009 2411 1047 2454 ex
1062 2410 1153 2454 sensu
1170 2387 1281 2455 intimo

238 2476 411 2569 'gravitatis
433 2475 572 2581 peccati,
587 2475 622 2546 hi
636 2478 787 2570 gemitus,
802 2503 858 2572 qur
848 2477 998 2551 aliunde
1011 2480 1182 2570 transitorii
1197 2497 1278 2565 sunt,

238 2569 419 2668 procedere
432 2568 588 2639 videntur.
653 2579 658 2586 '

289 2666 442 2735 Attamen
462 2691 517 2770 qur
507 2663 578 2735 de
600 2663 722 2737 malint
739 2662 865 2738 bebitds
887 2666 978 2773 pravi
1007 2667 1146 2736 nondirm
1168 2666 1280 2736 moniti

246 2776 339 2842 sunt,
365 2789 423 2830 nec
447 2778 670 2856 consequenter·
693 2759 799 2830 media
829 2758 1040 2868 conversionis
1067 2759 1202 2832 inaniter
1225 2763 1280 2832 ad·

247 2843 414 2922 bibuerunt
436 2856 503 2940 (a),
524 2871 652 2971 possunt:
673 2855 814 2924 absolute
835 2853 953 2964 prima
952 2855 1019 2924 vice
1033 2855 1168 2938 absolvi,
1184 2857 1279 2930 modo

202 2958 207 2966 '
232 2948 372 3018 'contriti
391 2948 453 3016 sint
471 2955 605 3058 vereque
620 2951 661 3019 ad
678 2939 855 3018 adbibenda
871 2950 975 3018 omnia
988 2956 1094 3019 contria
1109 2952 1279 3022 recidivam

246 3043 351 3113 medie
328 3044 601 3168 praescribenda
615 3043 777 3144 dispositi,
788 3044 859 3114 nisa
849 3045 980 3114 sorte
981 3047 1095 3135 sintin
1119 3048 1278 3122 occasione

243 3140 395 3254 proxima
402 3143 461 3226 (d).
1114 3165 1123 3180 ⁸

288 3236 336 3306 Et
346 3236 450 3306 nrimd
463 3235 531 3304 viee
546 3251 674 3329 possunt
685 3233 822 3303 absolute
839 3227 957 3304 absolvi
969 3261 1023 3330 qur
1013 3236 1278 3310 extraordinaria

246 3347 278 3400 et
291 3331 449 3399 vereduni
460 3308 650 3438 paeniientiae
666 3347 697 3400 et
710 3333 918 3402 conversionis
928 3335 976 3426 sig
978 3360 1017 3402 na
1031 3336 1088 3418 (c).

287 3425 468 3493 Tandem
445 3451 511 3494 eme
525 3427 709 3524 probatione
718 3429 837 3496 absolsi
850 3445 978 3522 possunt
987 3427 1038 3522 qni
1051 3431 1116 3521 jam
1126 3434 1196 3498 ente
1207 3455 1278 3499 eon·

244 3517 410 3588 sessionem
418 3525 658 3590 emendaverunt
668 3547 780 3602 meree,
797 3523 941 3598 iaciendo
954 3527 1111 3626 fructuose
1122 3526 1275 3620 quidquid

243 3611 445 3709 prescribere
459 3617 614 3711 potuisset
622 3617 825 3688 confessarius
834 3619 898 3706 (d).

286 3709 409 3796 Horum
425 3715 562 3785 omnium
577 3715 655 3782 ratio
666 3730 713 3782 ost
726 3717 811 3806 quini
822 3715 1026 3785 confessarius
1036 3717 1141 3811 possit
1146 3737 1218 3779 rone
1232 3714 1273 3782 de

245 3807 426 3911 contritione
438 3809 614 3894 penitentis
626 3825 658 3890 et
666 3807 907 3895 emendatione,
904 3837 960 3886 scu
969 3835 1092 3937 morum
1102 3805 1272 3882 moeliens

234 3881 380 3998 'prudens
401 3908 486 3976 ferre
504 3905 668 3994 judicium.
