2964 4674
304 295 371 388 ¹⁸7²
555 317 607 370 nn
628 318 814 372 sturmio
836 317 1078 384 ermenero·

239 460 242 464 .
298 399 468 472 secundum
481 399 722 496 inaequalitatem
736 403 815 474 lrane
827 405 1002 501 partienda,
1017 405 1073 476 etsi
1095 405 1260 491 solidaria,
1280 429 1326 478 re·

296 496 428 578 stitutio,
445 513 473 564 et
488 497 556 566 loco
569 496 703 566 aliorum
712 499 886 569 restituenti
896 499 1024 573 reficio.
1270 495 1272 500 ’

338 593 485 662 Tandem
499 592 527 664 si
546 593 600 661 turi
612 589 711 662 toturn
726 594 908 680 restituenti,
933 621 1012 664 unus
1027 621 1063 662 ex
1085 591 1156 664 aliis
1170 593 1325 666 solidariis

296 704 404 758 rerruat
415 703 468 756 aut
487 703 618 782 nequeat
630 704 751 783 partem
769 711 857 758 suam
880 690 1061 773 refundere,
1087 715 1195 758 omnes
1212 690 1325 758 debent

296 809 365 854 eam
393 783 471 851 inter
495 808 529 851 sc
549 782 701 866 disiderc,
724 783 812 853 itaut
826 784 880 878 qui
895 800 994 853 totum
1018 784 1164 869 restituit,
1179 811 1237 855 noc
1253 785 1324 880 plirs

283 891 351 952 'nec
364 877 467 947 minias
481 883 576 972 quiun
586 879 691 948 caeteri
703 879 817 973 quique
831 878 999 949 restituerit
1010 882 1071 972 (a).
1107 895 1111 898 ’

201 969 206 978 ”
287 979 294 1040 i
334 971 423 1066 Ergb
447 973 532 1042 idem
546 999 713 1068 cooperans
727 975 942 1070 tencriflpotest
959 975 1001 1043 ad
1024 973 1144 1068 aliquid
1157 972 1258 1068 primo
1271 989 1324 1043 aut

202 1110 206 1118 ·
287 1071 426 1150 seeundo
439 1069 519 1154 loco,
536 1086 566 1140 et
578 1071 620 1139 ad
632 1070 751 1170 aliquid
768 1071 854 1141 aliud
867 1073 1001 1144 secundo
1011 1087 1064 1142 aut
1075 1070 1167 1142 tertio
1178 1072 1260 1140 loco.

325 1262 361 1325 (a)
374 1262 579 1323 AEstimatlieiily,
589 1275 646 1310 cum
664 1263 766 1324 multis,
777 1263 875 1326 inquit,
886 1257 970 1312 eontra
980 1263 1124 1322 Cercinam,
1139 1262 1322 1322 cooperatorem

292 1344 342 1384 non
352 1332 472 1382 teneriarl
483 1332 565 1392 partes
576 1331 680 1379 aliorum
692 1332 718 1378 in
729 1332 865 1392 dnbio,pcr
874 1331 1060 1394 inquisitionem
1071 1332 1206 1390 insolubili,
1218 1343 1249 1378 an
1258 1331 1323 1378 obii·

292 1401 387 1466 petioni
398 1413 447 1448 sure
459 1399 622 1448 satisfecerint
632 1413 639 1462 ;
651 1401 709 1460 quia
720 1401 836 1461 praesumi
846 1402 938 1449 dehent
947 1401 1103 1449 satisfecisse.
1111 1401 1159 1448 Sed
1169 1402 1196 1448 ut
1207 1399 1323 1460 probabi·
1336 1415 1339 1437 e
1381 1453 1387 1460 ,

249 1474 251 1478 ’
291 1470 342 1520 lius
352 1471 440 1518 saitem
450 1469 577 1516 crederem
588 1470 739 1517 contrarium
756 1481 812 1517 cern
823 1470 929 1518 concina
940 1471 966 1517 et
976 1472 1002 1516 P.
1014 1471 1071 1518 Ant.
1090 1465 1104 1517 b
1122 1468 1222 1518 Goritii.
1237 1468 1321 1528 Negli-
1333 1503 1338 1514 .

291 1541 374 1600 nentia
386 1537 533 1585 restituendi
540 1539 606 1585 tanta
615 1539 661 1597 est,
671 1539 697 1585 et
707 1535 768 1584 adeb
779 1533 843 1599 saepe
854 1537 956 1600 obligati
968 1538 1053 1585 falsam
1067 1538 1115 1586 sihi
1126 1537 1253 1586 efformant
1263 1549 1321 1584 con·

290 1609 430 1666 scientiam,
442 1609 470 1654 nt
482 1607 562 1654 forsan
573 1608 648 1654 etiam
658 1602 788 1666 piusquam
799 1607 903 1655 dubium
914 1603 978 1669 saepe
988 1610 1076 1656 saitem
1088 1608 1223 1666 remaneat,
1236 1620 1264 1654 ac
1275 1617 1320 1666 pro

291 1676 387 1725 tatione
399 1675 452 1733 eius
463 1675 645 1723 restituendum
656 1675 696 1723 sit.
709 1675 739 1721 D.
750 1675 829 1736 Baiiiy
839 1672 881 1724 bic
890 1671 954 1724 meib
966 1678 1090 1736 applicare
1102 1677 1200 1725 videtin
1207 1676 1319 1735 reguiam

288 1745 353 1804 juris
364 1759 370 1791 r
383 1747 410 1792 iu
418 1745 486 1792 dubio
503 1746 586 1792 melior·
595 1747 630 1794 cat
640 1746 742 1792 conuitio
750 1746 894 1806 meridantt'rr.
904 1745 971 1805 Quid
981 1748 1049 1794 enim
1060 1744 1102 1794 hie
1113 1745 1221 1806 possidet
1241 1743 1320 1802 injus·

290 1816 331 1862 tus
342 1812 503 1873 cooperatore
514 1813 562 1860 Sua
570 1803 633 1860 bona
644 1813 795 1873 Equidem,
806 1797 911 1862 sedium
922 1826 997 1863 onere
1008 1815 1155 1864 restituendi
1167 1827 1210 1874 pro
1221 1813 1318 1861 ratione

291 1878 467 1942 ouhi53quine
479 1877 563 1930 contri
575 1881 815 1946 injustitiampassns
823 1885 933 1946 possidet
944 1879 1029 1934 contr'a
1040 1897 1099 1933 eum
1114 1885 1144 1933 nt
1150 1896 1196 1946 pro
1206 1883 1263 1932 aliis
1270 1891 1319 1930 non

289 1952 479 2002 'restituentibus
487 1952 611 2000 restituat.

332 2123 405 2186 586.
421 2117 484 2183 Hic
496 2133 599 2186 antem
617 2117 695 2187 ordo
704 2120 787 2187 inter
800 2132 1016 2212 cooperatores
1026 2120 1222 2190 servandusa

328 2213 440 2280 Primo
453 2211 521 2280 loco
534 2227 654 2278 tenetur
668 2211 721 2302 qui
740 2237 807 2279 rem
821 2212 955 2280 alienam
966 2213 1079 2281 retinet
1101 2215 1133 2280 in
1153 2240 1188 2283 se
1211 2215 1262 2283 vel
1281 2215 1319 2285 in
1397 2273 1406 2292 ,

290 2305 495 2400 equivalenti,
508 2305 566 2372 etsi
576 2303 803 2396 inculpabiliter
817 2329 886 2372 eam
898 2308 1064 2400 acceperit;
1082 2323 1112 2374 et
1129 2309 1157 2376 si
1172 2310 1318 2470 culpabi·

287 2403 370 2483 liter,
393 2401 533 2493 quamvis
555 2425 591 2466 ex
604 2402 639 2466 et
652 2400 751 2466 factrus
765 2398 878 2466 nonsit
892 2399 997 2474 ditiore
1010 2400 1084 2492 quia
1095 2427 1132 2470 ex
1146 2427 1221 2493 regu
1235 2429 1253 2470 a
1274 2411 1317 2472 36

286 2497 364 2589 juris
380 2495 412 2562 in
426 2500 458 2562 6ο
472 2519 532 2582 pro
544 2517 720 2581 possessore
735 2493 868 2563 babetur
882 2493 937 2587 qui
948 2495 1021 2564 dolo
1036 2495 1129 2574 desiit
1139 2498 1314 2584 possidere.

285 2660 293 2681 ,
328 2592 471 2662 Secundo
484 2592 553 2659 loeo
564 2592 713 2660 mandans
725 2607 755 2660 et
767 2591 828 2686 ipsi
839 2591 1038 2687 aequiparati,
1052 2591 1126 2686 quia
1140 2598 1213 2662 crim
1222 2620 1317 2663 man-

285 2690 372 2761 da'uti
387 2687 630 2782 aequiparantur,
642 2688 703 2757 sibi
720 2715 783 2757 non
800 2689 956 2770 serviunt,
976 2690 1032 2757 scd
1045 2706 1114 2758 sumt
1128 2688 1314 2786 principales

198 2871 202 2878 ²
284 2787 321 2856 itt
339 2786 431 2852 lacto.
449 2783 541 2850 Talis
556 2783 719 2852 consulens
741 2783 796 2878 qui
817 2783 960 2853 adhibuit
981 2785 1125 2853 fraudem
1138 2807 1209 2878 quae
1224 2811 1314 2855 causa

284 2880 390 2951 damni
403 2879 530 2964 luit(a).
638 2913 640 2919 ·
1166 2917 1169 2925 =

271 2985 274 2990 '
327 2975 391 3044 Sed
405 2989 479 3041 nota
492 2973 688 3042 mandantem
699 2973 797 3042 teneri
808 2973 975 3066 aliquandi)
986 2977 1056 3043 ante
1069 2974 1271 3058 retinentem,
1286 2976 1313 3043 si

282 3073 394 3165 nempe
415 3084 535 3164 partem
550 3067 596 3135 rei
610 3066 720 3135 ablatae
731 3068 791 3162 ipsi
809 3069 841 3135 in
859 3066 1037 3137 mercedem
1057 3070 1199 3154 dederit,
1215 3085 1267 3139 aut
1286 3071 1314 3139 si

283 3194 354 3239 cunr
365 3191 398 3233 re
414 3164 529 3232 furtivi
543 3162 694 3230 lentulum
709 3163 832 3231 aluerit.
850 3163 938 3252 Quin
952 3179 981 3232 ct
991 3179 1063 3235 tunc
1083 3165 1123 3234 de
1139 3166 1315 3233 damnisex

283 3289 318 3332 rc
341 3263 453 3351 injuste
469 3260 593 3327 detenta
613 3261 683 3326 autb
698 3259 884 3326 detinentem
900 3273 1058 3328 teneretur
1074 3276 1109 3328 ut
1132 3259 1312 3358 principalis

282 3372 401 3435 auctor,
419 3371 448 3421 ct
461 3355 583 3422 videtur
598 3380 657 3449 pro
671 3375 707 3422 eo
721 3355 877 3450 suscipere
895 3380 972 3423 onus
987 3355 1194 3430 restituendi:

323 3447 436 3515 Tertio
451 3448 519 3514 loco
531 3458 694 3540 exequeris.

324 3541 361 3608 si
373 3556 477 3608 tamen
487 3540 539 3608 hic
561 3543 699 3610 omnium
719 3567 869 3612 consensu
890 3544 1047 3612 communi
1070 3539 1311 3633 conspirantium

280 3637 349 3704 loeo
370 3652 401 3703 ct
420 3637 545 3705 nominc
567 3637 750 3727 injustitiam
770 3639 891 3722 lecerit,
907 3655 943 3706 ut
966 3642 1064 3730 saepe,
1081 3659 1186 3704 omnes
1201 3633 1309 3700 eodem

280 3731 349 3800 loco
364 3730 456 3800 simul
466 3747 644 3802 tenerentur
654 3749 689 3803 ut
702 3733 887 3829 principales
900 3731 1042 3815 inlecto,
1058 3746 1089 3801 ct
1101 3742 1264 3814 executor,
1275 3743 1310 3796 ut
1323 3763 1327 3769 ·

282 3842 436 3910 executor,
451 3827 739 3923 locosequenti(b).
865 3842 869 3856 “
980 3838 983 3842 ’
1324 3853 1330 3911 ς
