2926 4680
711 31 768 92 a..

667 97 680 120 O

301 345 372 440 378
630 331 996 414 nu'sac'nn'rlanro
1036 350 1043 364 ’

299 459 390 506 amarls
399 465 449 517 qua
465 449 573 502 suaclter
583 447 736 506 alliciam
744 457 818 506 parua
826 440 887 496 alul)
898 442 1034 504 apponatur
1044 438 1073 490 nt
1083 439 1172 498 umora
1185 440 1255 491 illius
1264 453 1341 506 qun·

298 527 356 576 clam
367 524 438 571 moda
449 521 565 581 cogantur
576 518 607 565 ad
617 515 803 577 promissionem
814 512 974 576 implendam.
1180 511 1182 516 '
1250 557 1256 565 ,

329 582 946 660 Arrhaegraviorespropoenaihalaerpntur.callet.
1161 583 1163 590 ·
1246 575 1261 601 ²³

328 649 639 718 remanseramus
650 644 722 714 praua
735 649 857 698 resilienti
867 648 1009 709 imponatur
1014 679 1025 708 ,
1036 647 1068 698 ἡ
1079 647 1119 696 his
1131 640 1211 704 saliam
1219 643 1338 698 interim>

298 731 410 782 habetor
552 751 553 754 =

330 801 354 846 l⁰
363 796 459 854 arrhae,
474 791 597 841 contracta
610 789 767 839 matrimonio
780 786 958 846 restituuntur,
967 797 1024 832 ‘uon
1037 797 1096 834 vero
1110 786 1331 851 largitatasapan.

297 868 399 923 salitiae,
411 864 469 924 qula
478 873 527 909 nan
536 861 593 908 sunt
603 859 702 918 pignus.
713 857 752 904 Sic
761 857 850 904 saltem
858 851 926 903 alim.
937 888 944 899 .

327 935 376 984 Sed
387 931 482 992 excipit
492 929 583 990 Callet,
601 928 622 975 si
645 927 729 974 arrhas
748 923 808 972 dans
824 924 941 972 fueritin
956 919 1172 982 moracnlpalrili,
1187 924 1216 986 et
1227 923 1329 981 interna

296 1001 467 1061 moriaturqui
479 1012 520 1048 eas
530 997 634 1058 accepit.
645 997 713 1044 'lunc
724 995 760 1056 acl
766 993 876 1052 haeredes
895 992 947 1050 ejus
958 992 1092 1039 transcunt.

326 1071 352 1120 2⁰
363 1071 453 1118 Arrhas
462 1069 530 1116 datas
555 1066 647 1114 amittit
658 1064 700 1124 qni
720 1065 772 1110 sine
785 1062 851 1120 iusta
865 1061 936 1110 causi
950 1060 1043 1119 resilit,
1058 1061 1107 1108 nisi
1122 1057 1193 1120 louge
1205 1065 1327 1122 superent

294 1141 411 1193 damnum
422 1149 531 1198 passum.
547 1137 614 1183 'l'nnc
629 1134 697 1183 enim
713 1145 759 1193 per
773 1131 864 1190 jnfflcis
882 1129 1048 1190 sententiam,
1062 1130 1145 1189 posset
1162 1142 1218 1190 pars
1236 1144 1329 1182 aarum

295 1211 424 1326 ⁰biliiiiiiit
433 1275 509 1332 etlam
519 1285 579 1333 quas
589 1268 732 1331 accepisset.
743 1253 825 1316 lmasi
837 1241 1048 1326 salus'accepissct
1058 1265 1085 1311 in
1095 1240 1212 1325 (lup'l'upa,
1223 1267 1284 1328 quin
1294 1269 1324 1319 et

295 1348 323 1396 in
333 1344 496 1406 quadruplum
513 1341 644 1388 restituere
662 1337 750 1395 debet,
762 1335 806 1383 scd
824 1329 976 1394 probabilitas
986 1329 1073 1398 'saliam
1090 1335 1145 1392 post
1159 1335 1248 1392 judicis
1259 1335 1324 1386 'san⁴

294 1415 407 1466 teutlam.
419 1413 475 1458 llaec
486 1410 554 1457 enim
565 1408 651 1470 dupli,
662 1409 720 1465 etc,
732 1405 855 1452 restitutio
865 1416 938 1463 poena
950 1404 995 1451 est.
1013 1404 1053 1456 Sic
1064 1401 1144 1451 adnuo
1153 1405 1239 1455 saltem
1249 1405 1322 1458 allm.

325 1483 388 1531 5'Si
398 1481 487 1528 neuter
497 1479 529 1526 sit
544 1479 570 1526 in
581 1474 647 1523 mart
659 1476 794 1534 culpabili,
811 1475 835 1520 et
847 1486 910 1520 unns
921 1473 1056 1531 moriatur,
1068 1473 1181 1520 arrhae'et
1195 1475 1323 1535 largitates

294 1550 443 1611 sponsalitia
450 1559 511 1606 ,seu
520 1547 624 1605 jocalia,
635 1543 853 1607 restituendasnut
863 1541 1016 1606 haeredibus,
1026 1541 1073 1588 nisi
1085 1543 1165 1602 puella
1175 1536 1216 1588 dici
1227 1555 1323 1609 expep-

293 1620 382 1680 tando,
393 1616 542 1667 matrimonii
558 1612 754 1688 commoditatem
773 1610 898 1670 amiserit,
914 1605 1049 1669 praesertlm
1064 1622 1113 1657 nan
1128 1611 1321 1675 reclamantibus

294 1685 504 1804 haeliiiiiiiicalia
511 1762 609 1810 semper
618 1747 801 1809 praesumuntur
808 1746 863 1794 data
872 1747 918 1794 sill)
925 1729 1148 1795 conditione'tnturi
1155 1713 1318 1802 matrimonii.

293 1823 455 1874 Restitirentla
472 1817 544 1879 erga,
559 1820 579 1865 si
590 1815 665 1878 culpi,
679 1817 824 1876 accipientis
842 1817 1026 1864 matrimonium
1041 1829 1090 1862 nan
1106 1820 1235 1880 sequatur,
1245 1823 1317 1874 velsi

295 1893 355 1941 dans
373 1886 439 1950 juste
456 1888 558 1935 resiliat.
571 1887 669 1934 «Tanta
685 1885 800 1931 darration
818 1884 876 1932 faite
892 1896 923 1931 en
939 1883 1025 1932 fureur
1040 1885 1074 1932 (lu
1085 1887 1192 1946 mariage
1215 1901 1267 1938 sera
1277 1903 1318 1939 ca-

295 1979 310 2010 a
319 1963 416 2021 (tuque,
426 1959 448 2018 si
462 1959 486 2004 le
497 1957 604 2022 mariagp
616 1967 647 2002 ne
656 1953 758 2001 s’ensnit
770 1949 840 2014 pas»
853 1949 943 2014 (1088).

324 2023 393 2089 Quod
403 2027 497 2086 spectat
507 2025 537 2071 ad
556 2037 667 2084 poenam,
673 2023 764 2092 yolunt
781 2022 852 2068 multi
872 2015 954 2068 cantra
972 2021 1046 2080 allas,
1058 2033 1113 2082 eam
1123 2020 1204 2072 aalide
1214 2025 1239 2073 et
1248 2022 1320 2076 licita

294 2099 383 2160 apponi
394 2109 463 2156 posse
473 2089 564 2152 injuste
575 2093 711 2151 resilienti,
722 2093 779 2151 quia
791 2093 849 2138 tunc
865 2103 912 2136 nan
928 2090 1026 2137 laeditur
1042 2103 1110 2150 aequa
1125 2093 1233 2141 lrlrertas.
1248 2091 1317 2144 Justt

294 2168 377 2230 autem
398 2164 525 2221 resiliens,
540 2175 593 2208 eam
605 2157 676 2218 Juxta
691 2173 775 2208 amares
791 2161 886 2208 salvare
906 2153 1075 2206 non’tcnetur.
1087 2159 1154 2222 Alter
1165 2163 1247 2210 tamen
1261 2175 1319 2212 eam

292 2236 401 2283 retinere
415 2230 511 2290 potest,
526 2230 546 2274 si
557 2229 669 2275 resiliens
678 2241 732 2275 eam
742 2229 820 2274 solvat
830 2229 909 2283 sciens
920 2238 946 2273 se
957 2226 988 2273 ad
1005 2227 1031 2274 itl
1045 2240 1093 2274 nan
1104 2219 1200 2277 teneri.'

323 2302 353 2350 ut
361 2301 413 2347 hacc
424 2299 484 2345 dicit
495 2299 572 2348 Callet
582 2297 612 2343 de
622 2296 693 2356 prena
704 2297 813 2356 negativa
822 2292 836 2342 a
844 2298 896 2344 vira
903 2291 959 2354 erga
966 2297 1096 2345 mulierem
1104 2295 1313 2362 impasiltLV.gr.,

292 2365 334 2416 titt
341 2367 409 2423 dabo,
418 2369 471 2424 eta,
479 2367 500 2412 at
506 2379 542 2411 roc
553 2367 577 2410 in
586 2365 704 2424 caajicpcm
712 2367 819 2423 accipias.
829 2363 901 2424 (Lege
908 2366 931 2422 9,
938 2366 957 2410 n
964 2367 991 2411 da
998 2366 1121 2413 verborum
1130 2369 1313 2432 aipalficulr'aac).

323 2434 420 2492 Excipit
430 2434 512 2479 lamen
522 2433 543 2478 si
553 2432 590 2477 vir
605 2443 682 2478 senex
693 2433 734 2477 aut
746 2431 872 2490 ignobilis,
881 2432 973 2478 mulier
990 2431 1047 2480 vcra
1054 2433 1155 2492 invenis
1174 2438 1315 2488 autnohilir

292 2504 332 2551 sit.
345 2504 412 2549 Tunc
421 2547 422 2552 ,
430 2500 496 2548 enim
512 2499 673 2560 promittens,
683 2499 851 2560 equalitatem
863 2513 1020 2561 compensare
1038 2501 1119 2563 potiris
1134 2500 1207 2566 quiam
1217 2519 1316 2567 paenam

292 2572 418 2632 impanare
433 2569 556 2618 censetur.

689 2669 914 2755 sucuron.

423 2925 425 2932 y
527 2855 564 2904 De
574 2856 613 2904 his
623 2855 666 2917 qui
677 2859 796 2918 sponsalia
807 2845 1073 2921 conoanea'passunt.

298 3017 302 3028 ’
332 3001 408 3066 801.
424 2996 538 3065 Omns
555 2999 682 3067 rationis
696 3025 785 3067 usum
798 3000 945 3071 habentes
960 3004 1103 3088 (a)¹,.nan
1116 3003 1203 3091 ligati
1213 3005 1311 3100 impa-

291 3094 428 3164 dimenta
448 3093 682 3189 indispensabili
703 3111 733 3164 ct
759 3114 925 3192 perpetua,
953 3097 1105 3193 sponsalia
1127 3100 1312 3170 contrahere

232 3238 237 3247 ·
289 3205 428 3284 possunt.
532 3203 538 3216 '
585 3209 590 3214 “
961 3269 963 3274 ,
1116 3191 1154 3258 ’.
1285 3246 1289 3250 -

330 3279 437 3378 Lig'ati
456 3288 530 3353 vera
550 3283 770 3379 impedimento
790 3287 943 3356 cessatura
963 3314 1020 3382 per
1040 3303 1160 3384 tempus
1179 3304 1230 3357 aut
1247 3291 1313 3358 dis·¹

288 3382 510 3474 pausationem,
526 3405 588 3448 nan
602 3381 662 3448 nisi
677 3384 734 3450 sub
750 3382 924 3450 conditione
938 3382 1033 3449 tacita
1044 3384 1232 3478 expectandi
1246 3411 1309 3454 ces·

289 3473 437 3540 sationem
454 3474 684 3567 impedimenti,
703 3477 752 3545 vel
772 3478 896 3570 petendi
918 3478 1178 3570 dispensationem
1185 3495 1309 3548 canua-

289 3565 500 3658 hunt,alioqui
514 3569 659 3652 invalide,
668 3572 744 3662 'qnia
754 3573 793 3640 dc
805 3572 1025 3660 millianam),
1038 3575 1096 3644 etsi
1109 3575 1311 3670 impedimen-

288 3677 352 3727 tum
367 3659 406 3726 sit
421 3661 521 3728 solium
535 3663 719 3756 prohibens.

293 3819 296 3825 .
328 3753 421 3822 Unde
439 3755 565 3848 vulgare
578 3787 586 3824 z
601 3757 707 3826 Omne
730 3761 1000 3857 impedimentum,
1017 3763 1111 3834 etiam
1124 3764 1309 3856 prohibens,

287 3847 436 3920 dirimens
448 3867 493 3919 cst
507 3849 706 3940 sponsalium.
746 3858 748 3862 ’
808 3847 814 3856 “
1130 3881 1140 3892 “
