2864 4672
242 269 315 365 otu
592 289 920 349 tunnxunnuor.

737 433 774 516 tt

281 610 406 672 chuto
427 609 561 672 Extrema.
580 609 652 670 Nion
663 609 873 672 sacramentnm?
885 607 957 694 774.
974 608 1044 685 Qua
1054 609 1112 694 ejus
1125 607 1272 672 materiari
1400 588 1402 660 l

240 700 343 766 dorma?
369 703 437 764 ibid.
466 701 523 778 Qoi
546 698 680 762 effertus?
703 698 775 785 776.
796 703 869 762 Nutu
888 699 1054 762 necessaria?
1070 697 1140 785 776.
1155 701 1226 762 Num
1244 720 1271 766 et

240 792 345 876 quando
356 788 444 854 iterati
455 791 566 853 debeat?
577 783 694 856 ibidem.
704 783 775 868 Quis
786 793 843 875 ejus
853 789 995 852 minister?
1003 812 1074 875 777.
1083 792 1156 869 Quis
1166 794 1272 876 subjec-
1404 842 1405 868 2

239 886 313 946 tom?
326 883 396 967 778.
409 883 486 959 Quas
496 883 612 966 requirat
623 881 825 964 dispositiones?
837 904 910 968 779.
923 883 992 959 Quae
1003 882 1164 945 observanda
1173 885 1201 943 in
1211 886 1270 968 ejus

238 973 484 1038 administratione?
494 973 539 1034 ubi
551 987 578 1034 et
591 973 624 1033 tle
637 973 818 1036 accidentibus
833 995 891 1054 quae
903 987 967 1034 tono
981 974 1134 1056 contingere
1145 988 1267 1058 possunt.

261 1064 312 1127 80.

155 1223 158 1229 ,
240 1086 257 1150 7
281 1158 365 1218 Uruo
381 1157 449 1217 inter
459 1154 591 1218 materiam
602 1169 628 1216 et
637 1155 746 1217 formam
757 1167 977 1218 sacramentorum
989 1175 998 1218 s
1011 1151 1204 1240 qodisbebeat
1211 1173 1271 1220 esta

238 1241 270 1310 in
282 1247 432 1331 baptismo?
443 1239 494 1307 23.
509 1249 540 1306 ln
552 1245 726 1330 ponitentii?
737 1243 789 1309 60.
803 1265 835 1308 a.

280 1338 536 1400 UsucAP10.Vitle
549 1360 557 1398 τ
572 1339 764 1418 Pmsonpiio.

280 1431 515 1505 Usrrsrnocros,
528 1445 613 1506 usos,
626 1444 679 1492 erc.
695 1427 769 1513 387.
782 1449 814 1490 α.

281 1522 402 1586 osmi.
414 1522 500 1598 Quid,
516 1522 656 1604 quotuplex
669 1535 696 1583 et
709 1544 743 1583 au
756 1519 855 1583 vetita?
865 1520 939 1596 455,
949 1519 1102 1598 iuduunt
1112 1541 1289 1586 usurarum-o

239 1633 288 1698 prr
304 1615 340 1675 sit
355 1615 458 1696 exigere
479 1614 496 1672 'a
515 1613 671 1673 mutuatario
691 1627 722 1674 ot
739 1619 893 1674 mmuuaer?
907 1613 981 1688 455.
998 1615 1031 1677 b.
1042 1614 1110 1674 Nrim
1124 1627 1153 1673 ut
1165 1612 1263 1694 aliquid
1282 1626 1295 1651 '⁴

239 1703 310 1765 aliod
321 1705 403 1786 gratis
414 1702 612 1784 praestet?1bid.
622 1703 693 1762 Num
705 1717 734 1764 ot
744 1717 851 1785 praestet
862 1703 962 1785 aliquid
973 1726 1025 1764 non
1038 1703 1086 1764 sibi
1098 1701 1265 1763 damnosum?

52 1780 58 1790 ⁵
122 1807 125 1816 ’
141 1791 145 1798 “
239 1791 311 1854 ibid.
325 1814 352 1854 c.
366 1793 437 1854 Num
450 1792 484 1852 sit
498 1809 577 1852 usura
590 1793 711 1853 mentalis
722 1815 826 1875 sperare
837 1793 937 1876 aliquid
952 1796 1034 1877 gratis
1045 1795 1157 1855 (laudum
1168 1792 1200 1854 ob
1212 1814 1269 1854 mo-

238 1868 334 1948 tuum?
346 1883 414 1944 ibid.
432 1883 463 1944 d.
477 1882 559 1960 Quid·
566 1882 597 1942 tle
611 1880 691 1944 usuri
705 1883 812 1945 usura?
824 1886 893 1946 ibid.
905 1907 931 1948 a.
946 1886 1018 1945 Vani
1033 1887 1209 1949 usurariorum
1221 1885 1268 1945 ob-

239 1987 340 2048 tentus,
357 1999 401 2037 seu
415 1974 484 2036 tituli
499 1973 559 2034 salsi
574 1972 673 2034 lucrum
687 1976 848 2058 percipiendi
861 1978 888 2036 iu
899 1990 999 2036 mutuo.
1016 1974 1090 2048 454.
1105 1975 1191 2036 Tituli
1201 1975 1269 2058 legi-

238 2070 309 2131 timi.
323 2067 395 2142 458.
413 2067 490 2144 Quas
504 2065 578 2126 dotes
588 2064 683 2126 lrahere
695 2066 787 2128 debeat
799 2067 893 2128 titulus
908 2068 973 2128 lucri
988 2067 1115 2128 cessantis
1126 2079 1172 2125 aut
1182 2067 1267 2127 damni

239 2157 416 2244 emergentis?
428 2155 501 2240 459,
513 2170 564 2216 etc.
581 2157 656 2216 Ntim
670 2171 696 2218 et
711 2158 815 2237 quaudo
829 2157 972 2240 pericolum
987 2159 1065 2217 sortis
1076 2159 1111 2217 sit
1121 2155 1212 2217 titulus
1222 2157 1268 2216 lu-

240 2273 311 2310 crum
326 2249 484 2332 percipiendi
500 2249 527 2306 iu
538 2247 726 2324 mutuoil462,
738 2262 790 2310 etc.
804 2250 875 2308 Num
886 2263 912 2308 et
923 2249 1028 2328 quando
1038 2237 1145 2308 donatio
1154 2249 1268 2329 gratuita

240 2337 275 2400 sit
289 2338 391 2413 titulos,
408 2337 480 2399 etc?
496 2335 568 2411 466.
584 2339 702 2419 Quinam
716 2340 770 2399 siut
783 2339 854 2399 tituli
869 2339 1013 2424 disputati?
1026 2340 1142 2400 ibidem.
1156 2339 1183 2399 b.
1196 2340 1268 2399 Nom

238 2452 315 2516 poena
330 2430 534 2492 conventionalis
550 2432 585 2489 sit
598 2429 689 2490 titulos
702 2429 818 2502 luorum,
836 2443 908 2503 eto,
927 2430 1028 2508 etquid
1042 2431 1076 2488 atl
1087 2430 1137 2490 lroc
1151 2431 1268 2510 requira-

237 2521 299 2583 tur?
314 2521 381 2582 ibid.
403 2523 475 2581 Num
493 2521 623 2582 sententia
639 2519 752 2604 judicis?
772 2519 889 2581 ibidem.
906 2520 978 2579 Nom
995 2519 1123 2600 obligatio
1146 2534 1269 2600 exparte

238 2615 391 2675 mutuatoris
404 2635 457 2672 nou
469 2613 601 2693 repetendi
613 2634 738 2673 summam
749 2613 810 2671 auti
820 2611 929 2693 longum
940 2608 1061 2692 tempus?
1070 2610 1185 2670 ibidem.
1194 2612 1267 2673 Num

238 2703 280 2766 len
293 2719 319 2766 et
329 2726 390 2765 usus
405 2703 516 2786 patria?
528 2703 641 2764 uotam.
659 2705 731 2770 Num
744 2703 881 2764 collocatio
892 2703 1026 2784 pecunia,
1039 2715 1110 2778 eto,
1124 2701 1152 2761 in
1166 2702 1267 2763 monti·

238 2795 287 2858 bus
301 2793 426 2877 pietatis?
437 2794 552 2857 ibidem.

279 2887 443 2945 Usultutttt.
463 2886 576 2962 Quibus
591 2883 682 2968 poeuis
703 2885 895 2970 subjiciantur?
911 2884 982 2968 762.
1001 2887 1032 2947 ol
1045 2886 1116 2946 Num
1130 2895 1266 2944 teneantur

161 3050 166 3059 Ι
224 2975 389 3038 ’restituare?
400 2975 473 3060 477.
484 2977 556 3038 Nom
570 2992 597 3038 et
610 2979 713 3058 quandlu
724 2980 768 3057 qui
782 2999 865 3038 usurae
876 2979 1008 3058 cooperati
1019 2977 1098 3038 suut?
1109 2972 1181 3050 468.
1194 2979 1265 3040 Num

237 3067 413 3128 usurariorum
426 3065 537 3127 uxores?
547 3068 660 3129 ibidem.
671 3069 744 3128 Nom
754 3080 781 3127 et
792 3067 897 3147 quandiu
907 3087 995 3126 eornm
1006 3065 1121 3128 haeredes
1128 3065 1147 3126 ?‘
1152 3063 1223 3150 467.
1234 3065 1264 3126 b.

219 3172 224 3185 '
279 3157 442 3218 umorum
457 3180 510 3221 res.
526 3161 597 3220 Num
615 3162 672 3242 ejus
686 3159 837 3239 acquiratur
850 3153 1012 3218 dominium?
1023 3157 1097 3230 421.

280 3246 386 3308 Uxott.
410 3249 481 3309 Nom
500 3262 527 3308 et
548 3249 652 3328 quando
674 3269 766 3308 uxores
791 3247 944 3310 contrahere
964 3248 1087 3331 possint?
1105 3243 1180 3323 436.
1196 3247 1266 3327 Qu·

239 3359 326 3400 earum
340 3341 399 3423 jura
413 3352 440 3400 et
453 3337 746 3421 obligationesivide:
759 3337 887 3417 Conjuoo.

689 3579 691 3583 .
729 3491 769 3564 v

281 3654 406 3714 vnctus
419 3669 535 3715 sonunt.
551 3653 622 3714 Vide
639 3676 646 3714 :
662 3655 759 3716 Boua.

280 3745 398 3805 VautJS.
417 3743 489 3806 Nom
504 3745 563 3828 tagi
580 3760 717 3808 teneantur
732 3745 836 3830 legibus
850 3745 996 3809 localibus?
1013 3743 1081 3809 123.
1100 3743 1199 3810 Corin
1212 3764 1268 3829 qao

239 3834 353 3919 parocho
368 3835 465 3900 nubere
479 3836 591 3905 &beant
604 3850 630 3901 ot
644 3836 707 3923 quid
718 3835 752 3900 ab
764 3837 802 3902 eis
816 3827 988 3908 stimulum?
1001 3833 1075 3903 852.
