<?xml version="1.0" encoding="UTF-8"?>
<!DOCTYPE html PUBLIC "-//W3C//DTD XHTML 1.0 Transitional//EN"
    "http://www.w3.org/TR/xhtml1/DTD/xhtml1-transitional.dtd">
<html xmlns="http://www.w3.org/1999/xhtml" xml:lang="en" lang="en">
 <head>
  <title>
</title>
<meta http-equiv="Content-Type" content="text/html;charset=utf-8" />
  <meta name='ocr-system' content='tesseract 3.04.00' />
  <meta name='ocr-capabilities' content='ocr_page ocr_carea ocr_par ocr_line ocrx_word'/>
</head>
<body>
  <div class='ocr_page' id='page_1' title='image "./theologiapracti01verngoog_0091.png"; bbox 0 0 2960 4684; ppageno 0'>
   <div class='ocr_carea' id='block_1_1' title="bbox 232 379 1251 469">
    <p class='ocr_par' dir='ltr' id='par_1_1' title="bbox 232 379 1251 469">
     <span class='ocr_line' id='line_1_1' title="bbox 232 379 1251 469; baseline -0.008 -17"><span class='ocrx_word' id='word_1_1' title='bbox 232 403 278 469; x_wconf 85' lang='lat'><strong>70</strong></span> <span class='ocrx_word' id='word_1_2' title='bbox 488 398 542 452; x_wconf 79' lang='lat' dir='ltr'><strong>nr</strong></span> <span class='ocrx_word' id='word_1_3' title='bbox 562 399 745 450; x_wconf 78' lang='lat' dir='ltr'><strong>sunnine</strong></span> <span class='ocrx_word' id='word_1_4' title='bbox 769 379 999 450; x_wconf 75' lang='lat' dir='ltr'><strong>remunero</strong></span> <span class='ocrx_word' id='word_1_5' title='bbox 1248 436 1251 444; x_wconf 87' lang='lat'><strong>.</strong></span> 
     </span>
    </p>
   </div>
   <div class='ocr_carea' id='block_1_2' title="bbox 215 479 1306 2388">
    <p class='ocr_par' dir='ltr' id='par_1_2' title="bbox 223 479 1306 888">
     <span class='ocr_line' id='line_1_2' title="bbox 257 479 1254 549; baseline 0.001 -14"><span class='ocrx_word' id='word_1_6' title='bbox 257 486 331 535; x_wconf 85' lang='lat' dir='ltr'><strong>ttddit</strong></span> <span class='ocrx_word' id='word_1_7' title='bbox 341 483 460 549; x_wconf 69' lang='lat' dir='ltr'><strong>struet,</strong></span> <span class='ocrx_word' id='word_1_8' title='bbox 469 482 534 546; x_wconf 74' lang='lat' dir='ltr'><strong>quod</strong></span> <span class='ocrx_word' id='word_1_9' title='bbox 542 487 564 534; x_wconf 88' lang='lat' dir='ltr'><strong>si</strong></span> <span class='ocrx_word' id='word_1_10' title='bbox 574 479 713 544; x_wconf 74' lang='lat' dir='ltr'><strong>hujusmodl</strong></span> <span class='ocrx_word' id='word_1_11' title='bbox 724 484 817 548; x_wconf 80' lang='lat' dir='ltr'><strong>emptio</strong></span> <span class='ocrx_word' id='word_1_12' title='bbox 827 483 913 532; x_wconf 83' lang='lat' dir='ltr'><strong>utilior</strong></span> <span class='ocrx_word' id='word_1_13' title='bbox 926 484 958 532; x_wconf 92' lang='lat' dir='ltr'><strong>stt</strong></span> <span class='ocrx_word' id='word_1_14' title='bbox 974 482 1049 532; x_wconf 80' lang='lat' dir='ltr'><strong>allent</strong></span> <span class='ocrx_word' id='word_1_15' title='bbox 1059 483 1085 532; x_wconf 85' lang='lat' dir='ltr'><strong>ln</strong></span> <span class='ocrx_word' id='word_1_16' title='bbox 1096 481 1254 546; x_wconf 58' lang='lat' dir='ltr'><strong>mental,</strong></span> 
     </span>
     <span class='ocr_line' id='line_1_3' title="bbox 225 549 1254 616; baseline 0.001 -13"><span class='ocrx_word' id='word_1_17' title='bbox 225 551 299 616; x_wconf 68' lang='lat' dir='ltr'><strong>quim</strong></span> <span class='ocrx_word' id='word_1_18' title='bbox 309 556 381 615; x_wconf 78' lang='lat' dir='ltr'><strong>aliis,</strong></span> <span class='ocrx_word' id='word_1_19' title='bbox 391 555 438 603; x_wconf 85' lang='lat' dir='ltr'><strong>troo</strong></span> <span class='ocrx_word' id='word_1_20' title='bbox 448 567 498 604; x_wconf 95' lang='lat' dir='ltr'><strong>non</strong></span> <span class='ocrx_word' id='word_1_21' title='bbox 508 553 637 614; x_wconf 80' lang='lat' dir='ltr'><strong>proveniat</strong></span> <span class='ocrx_word' id='word_1_22' title='bbox 647 565 680 601; x_wconf 86' lang='lat' dir='ltr'><strong>ex</strong></span> <span class='ocrx_word' id='word_1_23' title='bbox 690 549 743 612; x_wconf 80' lang='lat' dir='ltr'><strong>ipsi</strong></span> <span class='ocrx_word' id='word_1_24' title='bbox 751 564 795 612; x_wconf 87' lang='lat' dir='ltr'><strong>re,</strong></span> <span class='ocrx_word' id='word_1_25' title='bbox 805 553 850 600; x_wconf 87' lang='lat' dir='ltr'><strong>sed</strong></span> <span class='ocrx_word' id='word_1_26' title='bbox 860 564 892 600; x_wconf 85' lang='lat' dir='ltr'><strong>ex</strong></span> <span class='ocrx_word' id='word_1_27' title='bbox 906 550 1028 600; x_wconf 74' lang='lat' dir='ltr'><strong>industrii</strong></span> <span class='ocrx_word' id='word_1_28' title='bbox 1043 553 1070 601; x_wconf 86' lang='lat' dir='ltr'><strong>et</strong></span> <span class='ocrx_word' id='word_1_29' title='bbox 1083 553 1146 602; x_wconf 79' lang='lat' dir='ltr'><strong>bont</strong></span> <span class='ocrx_word' id='word_1_30' title='bbox 1157 553 1254 604; x_wconf 72' lang='lat' dir='ltr'><strong>lon-&#39;tunt</strong></span> 
     </span>
     <span class='ocr_line' id='line_1_4' title="bbox 224 619 1253 684; baseline 0.001 -13"><span class='ocrx_word' id='word_1_31' title='bbox 224 624 301 684; x_wconf 77' lang='lat' dir='ltr'><strong>buius</strong></span> <span class='ocrx_word' id='word_1_32' title='bbox 311 623 442 684; x_wconf 73' lang='lat' dir='ltr'><strong>emporiis,</strong></span> <span class='ocrx_word' id='word_1_33' title='bbox 452 635 507 683; x_wconf 80' lang='lat' dir='ltr'><strong>qnae</strong></span> <span class='ocrx_word' id='word_1_34' title='bbox 519 620 637 670; x_wconf 83' lang='lat' dir='ltr'><strong>industria</strong></span> <span class='ocrx_word' id='word_1_35' title='bbox 648 619 674 669; x_wconf 91' lang='lat' dir='ltr'><strong>et</strong></span> <span class='ocrx_word' id='word_1_36' title='bbox 683 619 748 668; x_wconf 85' lang='lat' dir='ltr'><strong>bono</strong></span> <span class='ocrx_word' id='word_1_37' title='bbox 758 619 856 669; x_wconf 83' lang='lat' dir='ltr'><strong>torinna</strong></span> <span class='ocrx_word' id='word_1_38' title='bbox 866 620 923 668; x_wconf 90' lang='lat' dir='ltr'><strong>sunt</strong></span> <span class='ocrx_word' id='word_1_39' title='bbox 938 619 992 679; x_wconf 81' lang='lat' dir='ltr'><strong>eius</strong></span> <span class='ocrx_word' id='word_1_40' title='bbox 1006 619 1098 668; x_wconf 82' lang='lat' dir='ltr'><strong>bonuau</strong></span> <span class='ocrx_word' id='word_1_41' title='bbox 1117 623 1253 683; x_wconf 80' lang='lat' dir='ltr'><strong>proprium,</strong></span> 
     </span>
     <span class='ocr_line' id='line_1_5' title="bbox 223 682 1306 754; baseline 0.002 -16"><span class='ocrx_word' id='word_1_42' title='bbox 223 693 326 754; x_wconf 73' lang='lat' dir='ltr'><strong>omnies</strong></span> <span class='ocrx_word' id='word_1_43' title='bbox 335 691 449 753; x_wconf 86' lang='lat' dir='ltr'><strong>quodres</strong></span> <span class='ocrx_word' id='word_1_44' title='bbox 459 688 596 748; x_wconf 82' lang='lat' dir='ltr'><strong>nonpotest</strong></span> <span class='ocrx_word' id='word_1_45' title='bbox 605 689 652 749; x_wconf 86' lang='lat' dir='ltr'><strong>ipsi</strong></span> <span class='ocrx_word' id='word_1_46' title='bbox 666 682 831 750; x_wconf 74' lang='lat' dir='ltr'><strong>conterendi</strong></span> <span class='ocrx_word' id='word_1_47' title='bbox 849 682 923 748; x_wconf 79' lang='lat' dir='ltr'><strong>quim</strong></span> <span class='ocrx_word' id='word_1_48' title='bbox 934 689 1004 749; x_wconf 88' lang='lat' dir='ltr'><strong>eliis,</strong></span> <span class='ocrx_word' id='word_1_49' title='bbox 1017 689 1077 748; x_wconf 85' lang='lat' dir='ltr'><strong>quin</strong></span> <span class='ocrx_word' id='word_1_50' title='bbox 1095 690 1187 738; x_wconf 89' lang='lat' dir='ltr'><strong>bonum</strong></span> <span class='ocrx_word' id='word_1_51' title='bbox 1199 693 1254 751; x_wconf 82' lang='lat' dir='ltr'><strong>ejus</strong></span> <span class='ocrx_word' id='word_1_52' title='bbox 1305 701 1306 704; x_wconf 74' lang='grc'>’</span> 
     </span>
     <span class='ocr_line' id='line_1_6' title="bbox 224 753 1252 824; baseline 0.004 -18"><span class='ocrx_word' id='word_1_53' title='bbox 224 760 383 824; x_wconf 82' lang='lat' dir='ltr'><strong>venderetur.</strong></span> <span class='ocrx_word' id='word_1_54' title='bbox 394 753 499 806; x_wconf 74' lang='lat' dir='ltr'><strong>Aliunde</strong></span> <span class='ocrx_word' id='word_1_55' title='bbox 510 756 553 802; x_wconf 87' lang='lat' dir='ltr'><strong>illa</strong></span> <span class='ocrx_word' id='word_1_56' title='bbox 563 756 678 815; x_wconf 83' lang='lat' dir='ltr'><strong>speeinlis</strong></span> <span class='ocrx_word' id='word_1_57' title='bbox 688 756 809 804; x_wconf 90' lang='lat' dir='ltr'><strong>industria</strong></span> <span class='ocrx_word' id='word_1_58' title='bbox 818 757 935 815; x_wconf 81' lang='lat' dir='ltr'><strong>emptoris</strong></span> <span class='ocrx_word' id='word_1_59' title='bbox 945 757 983 805; x_wconf 92' lang='lat' dir='ltr'><strong>est</strong></span> <span class='ocrx_word' id='word_1_60' title='bbox 997 757 1078 818; x_wconf 79' lang='lat' dir='ltr'><strong>pretio</strong></span> <span class='ocrx_word' id='word_1_61' title='bbox 1085 760 1252 810; x_wconf 74' lang='lat' dir='ltr'><strong>aestimabilis.</strong></span> 
     </span>
     <span class='ocr_line' id='line_1_7' title="bbox 223 823 1160 888; baseline 0.003 -14"><span class='ocrx_word' id='word_1_62' title='bbox 223 824 284 888; x_wconf 73' lang='lat' dir='ltr'><strong>emb</strong></span> <span class='ocrx_word' id='word_1_63' title='bbox 295 828 376 888; x_wconf 85' lang='lat' dir='ltr'><strong>potest</strong></span> <span class='ocrx_word' id='word_1_64' title='bbox 383 825 479 886; x_wconf 87' lang='lat' dir='ltr'><strong>aliquid</strong></span> <span class='ocrx_word' id='word_1_65' title='bbox 489 825 589 884; x_wconf 71' lang='lat' dir='ltr'><strong>exigere</strong></span> <span class='ocrx_word' id='word_1_66' title='bbox 600 833 645 886; x_wconf 80' lang='lat' dir='ltr'><strong>nro</strong></span> <span class='ocrx_word' id='word_1_67' title='bbox 656 823 708 883; x_wconf 87' lang='lat' dir='ltr'><strong>illi,</strong></span> <span class='ocrx_word' id='word_1_68' title='bbox 719 825 803 886; x_wconf 86' lang='lat' dir='ltr'><strong>sieque</strong></span> <span class='ocrx_word' id='word_1_69' title='bbox 814 837 867 872; x_wconf 87' lang='lat' dir='ltr'><strong>rem</strong></span> <span class='ocrx_word' id='word_1_70' title='bbox 875 825 965 872; x_wconf 88' lang='lat' dir='ltr'><strong>minori</strong></span> <span class='ocrx_word' id='word_1_71' title='bbox 976 837 1061 888; x_wconf 80' lang='lat' dir='ltr'><strong>enuere</strong></span> <span class='ocrx_word' id='word_1_72' title='bbox 1069 827 1160 888; x_wconf 84' lang='lat' dir='ltr'><strong>pretio.</strong></span> 
     </span>
    </p>

    <p class='ocr_par' dir='ltr' id='par_1_3' title="bbox 221 893 1253 1160">
     <span class='ocr_line' id='line_1_8' title="bbox 253 893 1253 956; baseline 0.002 -12"><span class='ocrx_word' id='word_1_73' title='bbox 253 896 396 955; x_wconf 70' lang='lat' dir='ltr'><strong>Respondet</strong></span> <span class='ocrx_word' id='word_1_74' title='bbox 404 895 435 942; x_wconf 84' lang='lat' dir='ltr'><strong>D.</strong></span> <span class='ocrx_word' id='word_1_75' title='bbox 446 895 513 942; x_wconf 82' lang='lat' dir='ltr'><strong>Dens</strong></span> <span class='ocrx_word' id='word_1_76' title='bbox 534 893 683 942; x_wconf 79' lang='lat' dir='ltr'>industriam</span> <span class='ocrx_word' id='word_1_77' title='bbox 691 893 755 942; x_wconf 82' lang='lat' dir='ltr'><strong>beno</strong></span> <span class='ocrx_word' id='word_1_78' title='bbox 766 894 888 942; x_wconf 81' lang='lat' dir='ltr'><strong>etbonenr</strong></span> <span class='ocrx_word' id='word_1_79' title='bbox 899 893 1021 942; x_wconf 80' lang='lat' dir='ltr'><strong>turturem</strong></span> <span class='ocrx_word' id='word_1_80' title='bbox 1032 907 1086 944; x_wconf 89' lang='lat' dir='ltr'><strong>esse</strong></span> <span class='ocrx_word' id='word_1_81' title='bbox 1097 897 1176 956; x_wconf 83' lang='lat' dir='ltr'><strong>pretio</strong></span> <span class='ocrx_word' id='word_1_82' title='bbox 1186 899 1253 950; x_wconf 80' lang='lat' dir='ltr'><strong>aesti·</strong></span> 
     </span>
     <span class='ocr_line' id='line_1_9' title="bbox 221 961 1252 1024; baseline -0.001 -9"><span class='ocrx_word' id='word_1_83' title='bbox 221 965 324 1014; x_wconf 79' lang='lat' dir='ltr'><strong>martia</strong></span> <span class='ocrx_word' id='word_1_84' title='bbox 334 965 361 1012; x_wconf 91' lang='lat' dir='ltr'><strong>in</strong></span> <span class='ocrx_word' id='word_1_85' title='bbox 371 963 457 1012; x_wconf 87' lang='lat' dir='ltr'><strong>ordine</strong></span> <span class='ocrx_word' id='word_1_86' title='bbox 467 962 499 1010; x_wconf 85' lang='lat' dir='ltr'><strong>nd</strong></span> <span class='ocrx_word' id='word_1_87' title='bbox 508 962 657 1024; x_wconf 79' lang='lat' dir='ltr'><strong>aequimoda</strong></span> <span class='ocrx_word' id='word_1_88' title='bbox 669 962 804 1022; x_wconf 72' lang='lat' dir='ltr'><strong>beneficti,</strong></span> <span class='ocrx_word' id='word_1_89' title='bbox 814 964 873 1021; x_wconf 71' lang='lat' dir='ltr'><strong>ete„</strong></span> <span class='ocrx_word' id='word_1_90' title='bbox 884 961 928 1010; x_wconf 91' lang='lat' dir='ltr'><strong>sed</strong></span> <span class='ocrx_word' id='word_1_91' title='bbox 945 973 974 1009; x_wconf 89' lang='lat' dir='ltr'><strong>ea</strong></span> <span class='ocrx_word' id='word_1_92' title='bbox 985 974 1035 1010; x_wconf 90' lang='lat' dir='ltr'><strong>non</strong></span> <span class='ocrx_word' id='word_1_93' title='bbox 1045 976 1117 1024; x_wconf 85' lang='lat' dir='ltr'><strong>posse</strong></span> <span class='ocrx_word' id='word_1_94' title='bbox 1127 977 1181 1014; x_wconf 87' lang='lat' dir='ltr'><strong>esse</strong></span> <span class='ocrx_word' id='word_1_95' title='bbox 1190 967 1252 1014; x_wconf 87' lang='lat' dir='ltr'><strong>titu-</strong></span> 
     </span>
     <span class='ocr_line' id='line_1_10' title="bbox 221 1025 1250 1092; baseline 0.005 -14"><span class='ocrx_word' id='word_1_96' title='bbox 221 1032 276 1079; x_wconf 90' lang='lat' dir='ltr'><strong>lnrn</strong></span> <span class='ocrx_word' id='word_1_97' title='bbox 282 1032 376 1090; x_wconf 81' lang='lat' dir='ltr'><strong>justum</strong></span> <span class='ocrx_word' id='word_1_98' title='bbox 386 1031 415 1079; x_wconf 91' lang='lat' dir='ltr'><strong>ut</strong></span> <span class='ocrx_word' id='word_1_99' title='bbox 424 1043 464 1080; x_wconf 86' lang='lat' dir='ltr'><strong>res</strong></span> <span class='ocrx_word' id='word_1_100' title='bbox 474 1031 557 1079; x_wconf 86' lang='lat' dir='ltr'><strong>viliori</strong></span> <span class='ocrx_word' id='word_1_101' title='bbox 566 1030 646 1091; x_wconf 79' lang='lat' dir='ltr'><strong>pretio</strong></span> <span class='ocrx_word' id='word_1_102' title='bbox 657 1032 754 1079; x_wconf 84' lang='lat' dir='ltr'><strong>emetur</strong></span> <span class='ocrx_word' id='word_1_103' title='bbox 763 1025 838 1092; x_wconf 80' lang='lat' dir='ltr'><strong>quim</strong></span> <span class='ocrx_word' id='word_1_104' title='bbox 848 1027 915 1080; x_wconf 83' lang='lat' dir='ltr'><strong>valet</strong></span> <span class='ocrx_word' id='word_1_105' title='bbox 922 1031 949 1078; x_wconf 89' lang='lat' dir='ltr'><strong>in</strong></span> <span class='ocrx_word' id='word_1_106' title='bbox 959 1041 996 1080; x_wconf 88' lang='lat' dir='ltr'><strong>se.</strong></span> <span class='ocrx_word' id='word_1_107' title='bbox 1006 1031 1136 1082; x_wconf 69' lang='lat' dir='ltr'><strong>onerent</strong></span> <span class='ocrx_word' id='word_1_108' title='bbox 1147 1033 1250 1083; x_wconf 77' lang='lat' dir='ltr'>deberet</span> 
     </span>
     <span class='ocr_line' id='line_1_11' title="bbox 222 1095 857 1160; baseline 0.003 -12"><span class='ocrx_word' id='word_1_109' title='bbox 222 1095 525 1160; x_wconf 77' lang='lat' dir='ltr'><strong>potidsaequaliteapretii</strong></span> <span class='ocrx_word' id='word_1_110' title='bbox 540 1111 598 1149; x_wconf 86' lang='lat' dir='ltr'><strong>eum</strong></span> <span class='ocrx_word' id='word_1_111' title='bbox 608 1111 702 1149; x_wconf 85' lang='lat' dir='ltr'><strong>meree.</strong></span> <span class='ocrx_word' id='word_1_112' title='bbox 855 1108 857 1112; x_wconf 82' lang='grc'>’</span> 
     </span>
    </p>

    <p class='ocr_par' dir='ltr' id='par_1_4' title="bbox 218 1167 1258 1906">
     <span class='ocr_line' id='line_1_12' title="bbox 253 1167 1250 1232; baseline 0.004 -16"><span class='ocrx_word' id='word_1_113' title='bbox 253 1169 343 1225; x_wconf 78' lang='lat' dir='ltr'><strong>tlitlrne</strong></span> <span class='ocrx_word' id='word_1_114' title='bbox 354 1168 406 1216; x_wconf 76' lang='lat' dir='ltr'><strong>lieno</strong></span> <span class='ocrx_word' id='word_1_115' title='bbox 423 1169 454 1216; x_wconf 81' lang='lat' dir='ltr'><strong>l).</strong></span> <span class='ocrx_word' id='word_1_116' title='bbox 465 1169 532 1220; x_wconf 84' lang='lat' dir='ltr'><strong>bens</strong></span> <span class='ocrx_word' id='word_1_117' title='bbox 551 1168 677 1228; x_wconf 78' lang='lat' dir='ltr'>responsio</span> <span class='ocrx_word' id='word_1_118' title='bbox 688 1181 728 1218; x_wconf 90' lang='lat' dir='ltr'><strong>me</strong></span> <span class='ocrx_word' id='word_1_119' title='bbox 739 1167 846 1220; x_wconf 80' lang='lat' dir='ltr'><strong>multtum</strong></span> <span class='ocrx_word' id='word_1_120' title='bbox 855 1170 939 1220; x_wconf 84' lang='lat' dir='ltr'><strong>movet</strong></span> <span class='ocrx_word' id='word_1_121' title='bbox 948 1181 992 1232; x_wconf 79' lang='lat' dir='ltr'><strong>pro</strong></span> <span class='ocrx_word' id='word_1_122' title='bbox 1002 1169 1105 1232; x_wconf 76' lang='lat' dir='ltr'><strong>eoquod</strong></span> <span class='ocrx_word' id='word_1_123' title='bbox 1114 1171 1210 1231; x_wconf 84' lang='lat' dir='ltr'><strong>spectat</strong></span> <span class='ocrx_word' id='word_1_124' title='bbox 1219 1174 1250 1220; x_wconf 88' lang='lat' dir='ltr'><strong>ed</strong></span> 
     </span>
     <span class='ocr_line' id='line_1_13' title="bbox 221 1237 1249 1301; baseline 0.002 -15"><span class='ocrx_word' id='word_1_125' title='bbox 221 1237 311 1286; x_wconf 84' lang='lat' dir='ltr'><strong>bonam</strong></span> <span class='ocrx_word' id='word_1_126' title='bbox 322 1237 458 1297; x_wconf 82' lang='lat' dir='ltr'><strong>torinnam,</strong></span> <span class='ocrx_word' id='word_1_127' title='bbox 473 1237 504 1284; x_wconf 82' lang='lat' dir='ltr'><strong>ad</strong></span> <span class='ocrx_word' id='word_1_128' title='bbox 519 1238 669 1297; x_wconf 74' lang='lat' dir='ltr'><strong>amicitiam,</strong></span> <span class='ocrx_word' id='word_1_129' title='bbox 680 1251 706 1288; x_wconf 87' lang='lat' dir='ltr'><strong>v.</strong></span> <span class='ocrx_word' id='word_1_130' title='bbox 723 1251 761 1298; x_wconf 60' lang='lat' dir='ltr'><strong>g„</strong></span> <span class='ocrx_word' id='word_1_131' title='bbox 774 1253 830 1287; x_wconf 89' lang='lat' dir='ltr'><strong>eum</strong></span> <span class='ocrx_word' id='word_1_132' title='bbox 840 1241 966 1300; x_wconf 74' lang='lat' dir='ltr'><strong>debitore,</strong></span> <span class='ocrx_word' id='word_1_133' title='bbox 984 1253 1016 1290; x_wconf 78' lang='lat' dir='ltr'><strong>en</strong></span> <span class='ocrx_word' id='word_1_134' title='bbox 1026 1238 1074 1301; x_wconf 81' lang='lat' dir='ltr'><strong>qui</strong></span> <span class='ocrx_word' id='word_1_135' title='bbox 1085 1241 1129 1288; x_wconf 88' lang='lat' dir='ltr'><strong>liat</strong></span> <span class='ocrx_word' id='word_1_136' title='bbox 1138 1239 1167 1287; x_wconf 88' lang='lat' dir='ltr'><strong>ut</strong></span> <span class='ocrx_word' id='word_1_137' title='bbox 1176 1238 1249 1293; x_wconf 74' lang='lat' dir='ltr'><strong>facile</strong></span> 
     </span>
     <span class='ocr_line' id='line_1_14' title="bbox 221 1304 1249 1368; baseline 0.008 -16"><span class='ocrx_word' id='word_1_138' title='bbox 221 1305 362 1353; x_wconf 82' lang='lat' dir='ltr'><strong>obtineatur</strong></span> <span class='ocrx_word' id='word_1_139' title='bbox 375 1305 473 1353; x_wconf 89' lang='lat' dir='ltr'><strong>solutio.</strong></span> <span class='ocrx_word' id='word_1_140' title='bbox 484 1304 549 1363; x_wconf 84' lang='lat' dir='ltr'><strong>Quid</strong></span> <span class='ocrx_word' id='word_1_141' title='bbox 559 1305 626 1353; x_wconf 88' lang='lat' dir='ltr'><strong>enim</strong></span> <span class='ocrx_word' id='word_1_142' title='bbox 640 1305 692 1355; x_wconf 81' lang='lat' dir='ltr'><strong>haee</strong></span> <span class='ocrx_word' id='word_1_143' title='bbox 708 1306 801 1356; x_wconf 87' lang='lat' dir='ltr'><strong>babent</strong></span> <span class='ocrx_word' id='word_1_144' title='bbox 809 1320 855 1367; x_wconf 84' lang='lat' dir='ltr'><strong>per</strong></span> <span class='ocrx_word' id='word_1_145' title='bbox 865 1319 891 1356; x_wconf 91' lang='lat' dir='ltr'><strong>se</strong></span> <span class='ocrx_word' id='word_1_146' title='bbox 904 1309 985 1368; x_wconf 80' lang='lat' dir='ltr'><strong>pretio</strong></span> <span class='ocrx_word' id='word_1_147' title='bbox 998 1307 1158 1358; x_wconf 79' lang='lat' dir='ltr'><strong>aesttmnbilei</strong></span> <span class='ocrx_word' id='word_1_148' title='bbox 1167 1320 1249 1360; x_wconf 75' lang='lat' dir='ltr'><strong>nonius</strong></span> 
     </span>
     <span class='ocr_line' id='line_1_15' title="bbox 220 1372 1248 1436; baseline 0.006 -16"><span class='ocrx_word' id='word_1_149' title='bbox 220 1374 279 1422; x_wconf 89' lang='lat' dir='ltr'><strong>snnt</strong></span> <span class='ocrx_word' id='word_1_150' title='bbox 289 1385 346 1421; x_wconf 88' lang='lat' dir='ltr'><strong>rum</strong></span> <span class='ocrx_word' id='word_1_151' title='bbox 356 1372 460 1434; x_wconf 81' lang='lat' dir='ltr'><strong>perunit</strong></span> <span class='ocrx_word' id='word_1_152' title='bbox 472 1373 743 1423; x_wconf 75' lang='lat' dir='ltr'><strong>incommensurabilis?</strong></span> <span class='ocrx_word' id='word_1_153' title='bbox 758 1376 806 1423; x_wconf 85' lang='lat' dir='ltr'><strong>Sed</strong></span> <span class='ocrx_word' id='word_1_154' title='bbox 816 1376 881 1436; x_wconf 85' lang='lat' dir='ltr'><strong>quod</strong></span> <span class='ocrx_word' id='word_1_155' title='bbox 891 1389 940 1424; x_wconf 90' lang='lat' dir='ltr'><strong>non</strong></span> <span class='ocrx_word' id='word_1_156' title='bbox 950 1377 1121 1436; x_wconf 69' lang='lat' dir='ltr'><strong>distinguunt,</strong></span> <span class='ocrx_word' id='word_1_157' title='bbox 1132 1376 1200 1425; x_wconf 85' lang='lat' dir='ltr'><strong>alind</strong></span> <span class='ocrx_word' id='word_1_158' title='bbox 1210 1379 1248 1426; x_wconf 88' lang='lat' dir='ltr'><strong>rei</strong></span> 
     </span>
     <span class='ocr_line' id='line_1_16' title="bbox 220 1441 1248 1505; baseline 0.005 -15"><span class='ocrx_word' id='word_1_159' title='bbox 220 1454 275 1490; x_wconf 89' lang='lat' dir='ltr'><strong>esse</strong></span> <span class='ocrx_word' id='word_1_160' title='bbox 285 1442 383 1493; x_wconf 85' lang='lat' dir='ltr'><strong>videtur</strong></span> <span class='ocrx_word' id='word_1_161' title='bbox 391 1442 422 1491; x_wconf 92' lang='lat' dir='ltr'><strong>de</strong></span> <span class='ocrx_word' id='word_1_162' title='bbox 431 1441 551 1490; x_wconf 78' lang='lat' dir='ltr'><strong>industrii</strong></span> <span class='ocrx_word' id='word_1_163' title='bbox 560 1442 662 1502; x_wconf 81' lang='lat' dir='ltr'><strong>speciali</strong></span> <span class='ocrx_word' id='word_1_164' title='bbox 673 1444 754 1493; x_wconf 79' lang='lat' dir='ltr'><strong>medie</strong></span> <span class='ocrx_word' id='word_1_165' title='bbox 764 1444 968 1505; x_wconf 86' lang='lat' dir='ltr'><strong>invenientequae</strong></span> <span class='ocrx_word' id='word_1_166' title='bbox 976 1445 1020 1493; x_wconf 85' lang='lat' dir='ltr'><strong>alii</strong></span> <span class='ocrx_word' id='word_1_167' title='bbox 1028 1445 1191 1493; x_wconf 86' lang='lat' dir='ltr'><strong>communiter</strong></span> <span class='ocrx_word' id='word_1_168' title='bbox 1198 1459 1248 1495; x_wconf 91' lang='lat' dir='ltr'><strong>non</strong></span> 
     </span>
     <span class='ocr_line' id='line_1_17' title="bbox 221 1507 1247 1576; baseline 0.004 -16"><span class='ocrx_word' id='word_1_169' title='bbox 221 1513 408 1560; x_wconf 82' lang='lat' dir='ltr'><strong>invenirent-Si</strong></span> <span class='ocrx_word' id='word_1_170' title='bbox 417 1524 496 1559; x_wconf 89' lang='lat' dir='ltr'><strong>senno</strong></span> <span class='ocrx_word' id='word_1_171' title='bbox 505 1511 538 1558; x_wconf 91' lang='lat' dir='ltr'><strong>sit</strong></span> <span class='ocrx_word' id='word_1_172' title='bbox 547 1511 579 1558; x_wconf 93' lang='lat' dir='ltr'><strong>de</strong></span> <span class='ocrx_word' id='word_1_173' title='bbox 589 1509 635 1560; x_wconf 79' lang='lat' dir='ltr'><strong>liic</strong></span> <span class='ocrx_word' id='word_1_174' title='bbox 647 1509 782 1574; x_wconf 80' lang='lat' dir='ltr'><strong>industrii,</strong></span> <span class='ocrx_word' id='word_1_175' title='bbox 792 1527 847 1575; x_wconf 85' lang='lat' dir='ltr'><strong>quae</strong></span> <span class='ocrx_word' id='word_1_176' title='bbox 856 1507 916 1562; x_wconf 80' lang='lat' dir='ltr'><strong>rere</strong></span> <span class='ocrx_word' id='word_1_177' title='bbox 931 1514 1013 1573; x_wconf 86' lang='lat' dir='ltr'><strong>pretio</strong></span> <span class='ocrx_word' id='word_1_178' title='bbox 1030 1513 1183 1562; x_wconf 86' lang='lat' dir='ltr'><strong>aestimabttis</strong></span> <span class='ocrx_word' id='word_1_179' title='bbox 1192 1519 1247 1576; x_wconf 88' lang='lat' dir='ltr'><strong>est,</strong></span> 
     </span>
     <span class='ocr_line' id='line_1_18' title="bbox 219 1575 1253 1643; baseline 0.005 -17"><span class='ocrx_word' id='word_1_180' title='bbox 219 1575 305 1640; x_wconf 74' lang='lat' dir='ltr'><strong>utpote</strong></span> <span class='ocrx_word' id='word_1_181' title='bbox 314 1592 370 1641; x_wconf 78' lang='lat' dir='ltr'><strong>ques</strong></span> <span class='ocrx_word' id='word_1_182' title='bbox 380 1575 456 1632; x_wconf 84' lang='lat' dir='ltr'><strong>animi</strong></span> <span class='ocrx_word' id='word_1_183' title='bbox 466 1580 575 1626; x_wconf 87' lang='lat' dir='ltr'><strong>laborem</strong></span> <span class='ocrx_word' id='word_1_184' title='bbox 585 1581 711 1641; x_wconf 85' lang='lat' dir='ltr'><strong>requirat,</strong></span> <span class='ocrx_word' id='word_1_185' title='bbox 723 1581 802 1630; x_wconf 84' lang='lat' dir='ltr'><strong>iateor</strong></span> <span class='ocrx_word' id='word_1_186' title='bbox 817 1582 926 1629; x_wconf 88' lang='lat' dir='ltr'><strong>rationes</strong></span> <span class='ocrx_word' id='word_1_187' title='bbox 940 1581 1025 1632; x_wconf 79' lang='lat' dir='ltr'><strong>allatas</strong></span> <span class='ocrx_word' id='word_1_188' title='bbox 1034 1575 1160 1631; x_wconf 72' lang='lat' dir='ltr'><strong>bitillusrt</strong></span> <span class='ocrx_word' id='word_1_189' title='bbox 1170 1581 1253 1643; x_wconf 70' lang='lat' dir='ltr'><strong>quaee&#39;</strong></span> 
     </span>
     <span class='ocr_line' id='line_1_19' title="bbox 219 1645 1258 1712; baseline 0.009 -18"><span class='ocrx_word' id='word_1_190' title='bbox 219 1647 313 1695; x_wconf 89' lang='lat' dir='ltr'><strong>tionem</strong></span> <span class='ocrx_word' id='word_1_191' title='bbox 333 1648 396 1696; x_wconf 84' lang='lat' dir='ltr'><strong>bauo</strong></span> <span class='ocrx_word' id='word_1_192' title='bbox 413 1659 512 1707; x_wconf 75' lang='lat' dir='ltr'><strong>gerrem</strong></span> <span class='ocrx_word' id='word_1_193' title='bbox 533 1647 596 1694; x_wconf 83' lang='lat' dir='ltr'><strong>mint</strong></span> <span class='ocrx_word' id='word_1_194' title='bbox 611 1648 698 1696; x_wconf 84' lang='lat' dir='ltr'><strong>videri.</strong></span> <span class='ocrx_word' id='word_1_195' title='bbox 711 1651 816 1700; x_wconf 85' lang='lat' dir='ltr'><strong>solvere.</strong></span> <span class='ocrx_word' id='word_1_196' title='bbox 830 1649 858 1696; x_wconf 83' lang='lat' dir='ltr'><strong>Si</strong></span> <span class='ocrx_word' id='word_1_197' title='bbox 868 1647 928 1697; x_wconf 78' lang='lat' dir='ltr'><strong>vend</strong></span> <span class='ocrx_word' id='word_1_198' title='bbox 946 1649 1010 1698; x_wconf 82' lang='lat' dir='ltr'><strong>absit</strong></span> <span class='ocrx_word' id='word_1_199' title='bbox 1024 1649 1161 1712; x_wconf 77' lang='lat' dir='ltr'><strong>industria,</strong></span> <span class='ocrx_word' id='word_1_200' title='bbox 1173 1648 1210 1701; x_wconf 72' lang='lat' dir='ltr'><strong>itt</strong></span> <span class='ocrx_word' id='word_1_201' title='bbox 1219 1645 1258 1703; x_wconf 73' lang='lat' dir='ltr'><strong>ut&#39;</strong></span> 
     </span>
     <span class='ocr_line' id='line_1_20' title="bbox 219 1711 1246 1782; baseline 0.006 -20"><span class='ocrx_word' id='word_1_202' title='bbox 219 1716 287 1763; x_wconf 86' lang='lat' dir='ltr'><strong>easui</strong></span> <span class='ocrx_word' id='word_1_203' title='bbox 296 1715 397 1766; x_wconf 88' lang='lat' dir='ltr'><strong>lertuito</strong></span> <span class='ocrx_word' id='word_1_204' title='bbox 406 1711 506 1781; x_wconf 74' lang='lat' dir='ltr'><strong>precise</strong></span> <span class='ocrx_word' id='word_1_205' title='bbox 515 1715 559 1762; x_wconf 87' lang='lat' dir='ltr'><strong>aut</strong></span> <span class='ocrx_word' id='word_1_206' title='bbox 566 1716 681 1764; x_wconf 78' lang='lat' dir='ltr'><strong>amicitie</strong></span> <span class='ocrx_word' id='word_1_207' title='bbox 690 1717 808 1766; x_wconf 79' lang='lat' dir='ltr'><strong>debitoris</strong></span> <span class='ocrx_word' id='word_1_208' title='bbox 816 1717 946 1764; x_wconf 80' lang='lat' dir='ltr'><strong>tribuenda</strong></span> <span class='ocrx_word' id='word_1_209' title='bbox 954 1717 1100 1766; x_wconf 80' lang='lat' dir='ltr'><strong>sitineilitas</strong></span> <span class='ocrx_word' id='word_1_210' title='bbox 1109 1719 1246 1782; x_wconf 77' lang='lat' dir='ltr'><strong>solutionis,</strong></span> 
     </span>
     <span class='ocr_line' id='line_1_21' title="bbox 218 1784 1247 1846; baseline 0.004 -12"><span class='ocrx_word' id='word_1_211' title='bbox 218 1784 282 1834; x_wconf 84' lang='lat' dir='ltr'><strong>mihi</strong></span> <span class='ocrx_word' id='word_1_212' title='bbox 292 1785 385 1834; x_wconf 83' lang='lat' dir='ltr'><strong>haesent</strong></span> <span class='ocrx_word' id='word_1_213' title='bbox 395 1798 477 1846; x_wconf 78' lang='lat' dir='ltr'><strong>aquae,</strong></span> <span class='ocrx_word' id='word_1_214' title='bbox 485 1785 543 1844; x_wconf 88' lang='lat' dir='ltr'><strong>quia</strong></span> <span class='ocrx_word' id='word_1_215' title='bbox 553 1785 612 1833; x_wconf 88' lang='lat' dir='ltr'><strong>tnnc</strong></span> <span class='ocrx_word' id='word_1_216' title='bbox 623 1786 731 1844; x_wconf 87' lang='lat' dir='ltr'><strong>pretinm</strong></span> <span class='ocrx_word' id='word_1_217' title='bbox 742 1785 821 1844; x_wconf 72' lang='lat' dir='ltr'><strong>legale</strong></span> <span class='ocrx_word' id='word_1_218' title='bbox 831 1797 876 1832; x_wconf 88' lang='lat' dir='ltr'><strong>sen</strong></span> <span class='ocrx_word' id='word_1_219' title='bbox 893 1784 1032 1844; x_wconf 69' lang='lat' dir='ltr'><strong>legitimum</strong></span> <span class='ocrx_word' id='word_1_220' title='bbox 1047 1785 1127 1834; x_wconf 78' lang='lat' dir='ltr'><strong>teman</strong></span> <span class='ocrx_word' id='word_1_221' title='bbox 1134 1791 1247 1839; x_wconf 60' lang='lat' dir='ltr'><strong>retum</strong></span> 
     </span>
     <span class='ocr_line' id='line_1_22' title="bbox 218 1849 1183 1906; baseline 0.004 -6"><span class='ocrx_word' id='word_1_222' title='bbox 218 1849 279 1902; x_wconf 83' lang='lat' dir='ltr'><strong>ddsu</strong></span> <span class='ocrx_word' id='word_1_223' title='bbox 289 1866 435 1902; x_wconf 84' lang='lat' dir='ltr'><strong>evanescere</strong></span> <span class='ocrx_word' id='word_1_224' title='bbox 446 1853 558 1906; x_wconf 87' lang='lat' dir='ltr'><strong>videtur.</strong></span> <span class='ocrx_word' id='word_1_225' title='bbox 569 1854 589 1900; x_wconf 90' lang='lat' dir='ltr'><strong>si</strong></span> <span class='ocrx_word' id='word_1_226' title='bbox 601 1853 729 1901; x_wconf 81' lang='lat' dir='ltr'><strong>industrlao</strong></span> <span class='ocrx_word' id='word_1_227' title='bbox 737 1853 870 1902; x_wconf 84' lang='lat' dir='ltr'><strong>tribuenda</strong></span> <span class='ocrx_word' id='word_1_228' title='bbox 887 1853 919 1902; x_wconf 90' lang='lat' dir='ltr'><strong>sit</strong></span> <span class='ocrx_word' id='word_1_229' title='bbox 930 1853 1036 1904; x_wconf 79' lang='lat' dir='ltr'><strong>facilitas</strong></span> <span class='ocrx_word' id='word_1_230' title='bbox 1045 1854 1183 1906; x_wconf 82' lang='lat' dir='ltr'><strong>solutionis.</strong></span> 
     </span>
    </p>

    <p class='ocr_par' dir='ltr' id='par_1_5' title="bbox 215 1921 1246 2388">
     <span class='ocr_line' id='line_1_23' title="bbox 248 1921 1246 1975; baseline 0.003 -6"><span class='ocrx_word' id='word_1_231' title='bbox 248 1921 408 1972; x_wconf 78' lang='lat' dir='ltr'><strong>Conflrmntnr</strong></span> <span class='ocrx_word' id='word_1_232' title='bbox 425 1934 508 1971; x_wconf 80' lang='lat' dir='ltr'><strong>mennn</strong></span> <span class='ocrx_word' id='word_1_233' title='bbox 528 1921 632 1972; x_wconf 84' lang='lat' dir='ltr'><strong>dubium</strong></span> <span class='ocrx_word' id='word_1_234' title='bbox 652 1935 685 1968; x_wconf 83' lang='lat' dir='ltr'><strong>ex</strong></span> <span class='ocrx_word' id='word_1_235' title='bbox 709 1923 782 1970; x_wconf 80' lang='lat' dir='ltr'><strong>dictis</strong></span> <span class='ocrx_word' id='word_1_236' title='bbox 796 1923 841 1970; x_wconf 90' lang='lat' dir='ltr'><strong>ubi</strong></span> <span class='ocrx_word' id='word_1_237' title='bbox 862 1922 895 1970; x_wconf 91' lang='lat' dir='ltr'><strong>de</strong></span> <span class='ocrx_word' id='word_1_238' title='bbox 909 1922 1057 1971; x_wconf 78' lang='lat' dir='ltr'><strong>inventione</strong></span> <span class='ocrx_word' id='word_1_239' title='bbox 1075 1924 1246 1975; x_wconf 82' lang='lat' dir='ltr'><strong>thesaurorum</strong></span> 
     </span>
     <span class='ocr_line' id='line_1_24' title="bbox 218 1987 1245 2054; baseline 0.002 -16"><span class='ocrx_word' id='word_1_240' title='bbox 218 1987 288 2052; x_wconf 59' lang='lat' dir='ltr'><strong>[sea</strong></span> <span class='ocrx_word' id='word_1_241' title='bbox 301 1988 334 2053; x_wconf 84' lang='lat' dir='ltr'><strong>d]</strong></span> <span class='ocrx_word' id='word_1_242' title='bbox 346 1987 449 2051; x_wconf 74' lang='lat' dir='ltr'><strong>nempe.</strong></span> <span class='ocrx_word' id='word_1_243' title='bbox 465 1990 514 2038; x_wconf 90' lang='lat' dir='ltr'><strong>emi</strong></span> <span class='ocrx_word' id='word_1_244' title='bbox 524 2002 594 2050; x_wconf 85' lang='lat' dir='ltr'><strong>posse</strong></span> <span class='ocrx_word' id='word_1_245' title='bbox 609 1990 690 2054; x_wconf 84' lang='lat' dir='ltr'><strong>pretio</strong></span> <span class='ocrx_word' id='word_1_246' title='bbox 703 1991 811 2039; x_wconf 83' lang='lat' dir='ltr'><strong>esurienti</strong></span> <span class='ocrx_word' id='word_1_247' title='bbox 823 1991 925 2039; x_wconf 79' lang='lat' dir='ltr'><strong>fundum</strong></span> <span class='ocrx_word' id='word_1_248' title='bbox 935 1992 963 2040; x_wconf 92' lang='lat' dir='ltr'><strong>in</strong></span> <span class='ocrx_word' id='word_1_249' title='bbox 976 2004 1025 2052; x_wconf 84' lang='lat' dir='ltr'><strong>quo</strong></span> <span class='ocrx_word' id='word_1_250' title='bbox 1035 1991 1131 2052; x_wconf 76' lang='lat' dir='ltr'><strong>priuati</strong></span> <span class='ocrx_word' id='word_1_251' title='bbox 1141 1993 1245 2042; x_wconf 81' lang='lat' dir='ltr'><strong>seientii</strong></span> 
     </span>
     <span class='ocr_line' id='line_1_25' title="bbox 218 2056 1246 2123; baseline 0.004 -18"><span class='ocrx_word' id='word_1_252' title='bbox 218 2057 373 2118; x_wconf 72' lang='lat' dir='ltr'><strong>cognoscitur</strong></span> <span class='ocrx_word' id='word_1_253' title='bbox 383 2073 436 2109; x_wconf 88' lang='lat' dir='ltr'><strong>esse</strong></span> <span class='ocrx_word' id='word_1_254' title='bbox 447 2060 603 2119; x_wconf 68' lang='lat' dir='ltr'><strong>thesaurum</strong></span> <span class='ocrx_word' id='word_1_255' title='bbox 611 2072 661 2107; x_wconf 94' lang='lat' dir='ltr'><strong>non</strong></span> <span class='ocrx_word' id='word_1_256' title='bbox 671 2056 744 2122; x_wconf 81' lang='lat' dir='ltr'><strong>verb,</strong></span> <span class='ocrx_word' id='word_1_257' title='bbox 753 2062 841 2110; x_wconf 87' lang='lat' dir='ltr'><strong>saltem</strong></span> <span class='ocrx_word' id='word_1_258' title='bbox 855 2056 927 2120; x_wconf 76' lang='lat' dir='ltr'><strong>juxti</strong></span> <span class='ocrx_word' id='word_1_259' title='bbox 936 2060 1034 2122; x_wconf 82' lang='lat' dir='ltr'><strong>plnres,</strong></span> <span class='ocrx_word' id='word_1_260' title='bbox 1042 2060 1149 2110; x_wconf 75' lang='lat' dir='ltr'><strong>turdum</strong></span> <span class='ocrx_word' id='word_1_261' title='bbox 1162 2061 1189 2109; x_wconf 90' lang='lat' dir='ltr'><strong>in</strong></span> <span class='ocrx_word' id='word_1_262' title='bbox 1197 2075 1246 2123; x_wconf 85' lang='lat' dir='ltr'><strong>quo</strong></span> 
     </span>
     <span class='ocr_line' id='line_1_26' title="bbox 216 2125 1246 2190; baseline 0.004 -16"><span class='ocrx_word' id='word_1_263' title='bbox 216 2129 305 2177; x_wconf 87' lang='lat' dir='ltr'><strong>itidem</strong></span> <span class='ocrx_word' id='word_1_264' title='bbox 315 2131 492 2188; x_wconf 77' lang='lat' dir='ltr'><strong>cognoscuntur</strong></span> <span class='ocrx_word' id='word_1_265' title='bbox 505 2140 559 2175; x_wconf 87' lang='lat' dir='ltr'><strong>esse</strong></span> <span class='ocrx_word' id='word_1_266' title='bbox 569 2141 639 2177; x_wconf 81' lang='lat' dir='ltr'><strong>venne</strong></span> <span class='ocrx_word' id='word_1_267' title='bbox 655 2131 799 2190; x_wconf 78' lang='lat' dir='ltr'><strong>metallicae,</strong></span> <span class='ocrx_word' id='word_1_268' title='bbox 812 2131 870 2190; x_wconf 84' lang='lat' dir='ltr'><strong>qnia</strong></span> <span class='ocrx_word' id='word_1_269' title='bbox 880 2125 978 2190; x_wconf 54' lang='lat' dir='ltr'><strong>,nempe</strong></span> <span class='ocrx_word' id='word_1_270' title='bbox 999 2130 1131 2178; x_wconf 83' lang='lat' dir='ltr'><strong>thesaums</strong></span> <span class='ocrx_word' id='word_1_271' title='bbox 1147 2134 1246 2179; x_wconf 88' lang='lat' dir='ltr'><strong>nonest</strong></span> 
     </span>
     <span class='ocr_line' id='line_1_27' title="bbox 215 2193 1246 2256; baseline 0.002 -14"><span class='ocrx_word' id='word_1_272' title='bbox 215 2197 291 2247; x_wconf 85' lang='lat' dir='ltr'><strong>tundo</strong></span> <span class='ocrx_word' id='word_1_273' title='bbox 299 2197 460 2256; x_wconf 81' lang='lat' dir='ltr'><strong>intrinsecus,</strong></span> <span class='ocrx_word' id='word_1_274' title='bbox 472 2209 500 2243; x_wconf 89' lang='lat' dir='ltr'><strong>ao</strong></span> <span class='ocrx_word' id='word_1_275' title='bbox 510 2193 614 2254; x_wconf 80' lang='lat' dir='ltr'><strong>proinde</strong></span> <span class='ocrx_word' id='word_1_276' title='bbox 625 2209 674 2244; x_wconf 91' lang='lat' dir='ltr'><strong>non</strong></span> <span class='ocrx_word' id='word_1_277' title='bbox 682 2201 757 2256; x_wconf 66' lang='lat' dir='ltr'><strong>suget</strong></span> <span class='ocrx_word' id='word_1_278' title='bbox 765 2198 821 2256; x_wconf 73' lang='lat' dir='ltr'><strong>eius</strong></span> <span class='ocrx_word' id='word_1_279' title='bbox 831 2200 950 2247; x_wconf 80' lang='lat' dir='ltr'><strong>valorem.</strong></span> <span class='ocrx_word' id='word_1_280' title='bbox 960 2201 978 2242; x_wconf 79' lang='grc' dir='ltr'><strong><em>Ε</em></strong></span> <span class='ocrx_word' id='word_1_281' title='bbox 987 2193 1072 2244; x_wconf 74' lang='lat' dir='ltr'><strong>euritii</strong></span> <span class='ocrx_word' id='word_1_282' title='bbox 1080 2197 1150 2244; x_wconf 79' lang='lat' dir='ltr'><strong>ienm</strong></span> <span class='ocrx_word' id='word_1_283' title='bbox 1158 2198 1246 2244; x_wconf 85' lang='lat' dir='ltr'><strong>metat-</strong></span> 
     </span>
     <span class='ocr_line' id='line_1_28' title="bbox 215 2262 1244 2322; baseline 0.002 -12"><span class='ocrx_word' id='word_1_284' title='bbox 215 2263 270 2312; x_wconf 82' lang='lat' dir='ltr'><strong>liese</strong></span> <span class='ocrx_word' id='word_1_285' title='bbox 278 2264 418 2313; x_wconf 82' lang='lat' dir='ltr'><strong>intrinsecae</strong></span> <span class='ocrx_word' id='word_1_286' title='bbox 429 2265 485 2311; x_wconf 88' lang='lat' dir='ltr'><strong>sunt</strong></span> <span class='ocrx_word' id='word_1_287' title='bbox 495 2262 585 2320; x_wconf 88' lang='lat' dir='ltr'><strong>tundo,</strong></span> <span class='ocrx_word' id='word_1_288' title='bbox 595 2263 652 2309; x_wconf 91' lang='lat' dir='ltr'><strong>sunt</strong></span> <span class='ocrx_word' id='word_1_289' title='bbox 660 2275 716 2322; x_wconf 86' lang='lat' dir='ltr'><strong>pars</strong></span> <span class='ocrx_word' id='word_1_290' title='bbox 727 2265 794 2310; x_wconf 90' lang='lat' dir='ltr'><strong>illins</strong></span> <span class='ocrx_word' id='word_1_291' title='bbox 803 2265 828 2310; x_wconf 88' lang='lat' dir='ltr'><strong>et</strong></span> <span class='ocrx_word' id='word_1_292' title='bbox 838 2264 892 2319; x_wconf 79' lang='lat' dir='ltr'><strong>ejus</strong></span> <span class='ocrx_word' id='word_1_293' title='bbox 899 2267 1007 2310; x_wconf 81' lang='lat' dir='ltr'><strong>valorem</strong></span> <span class='ocrx_word' id='word_1_294' title='bbox 1016 2264 1119 2322; x_wconf 73' lang='lat' dir='ltr'><strong>nogent,</strong></span> <span class='ocrx_word' id='word_1_295' title='bbox 1130 2267 1244 2322; x_wconf 78' lang='lat' dir='ltr'><strong>quamvis</strong></span> 
     </span>
     <span class='ocr_line' id='line_1_29' title="bbox 215 2329 1241 2388; baseline -0.002 -10"><span class='ocrx_word' id='word_1_296' title='bbox 215 2333 242 2378; x_wconf 89' lang='lat' dir='ltr'><strong>tn</strong></span> <span class='ocrx_word' id='word_1_297' title='bbox 254 2334 378 2381; x_wconf 87' lang='lat' dir='ltr'><strong>communi</strong></span> <span class='ocrx_word' id='word_1_298' title='bbox 396 2331 523 2380; x_wconf 84' lang='lat' dir='ltr'><strong>bominum</strong></span> <span class='ocrx_word' id='word_1_299' title='bbox 541 2330 717 2388; x_wconf 78' lang='lat' dir='ltr'><strong>aestimatione,</strong></span> <span class='ocrx_word' id='word_1_300' title='bbox 730 2332 756 2376; x_wconf 92' lang='lat' dir='ltr'><strong>in</strong></span> <span class='ocrx_word' id='word_1_301' title='bbox 774 2329 910 2388; x_wconf 65' lang='lat' dir='ltr'><strong>ignorantie</strong></span> <span class='ocrx_word' id='word_1_302' title='bbox 926 2342 1045 2382; x_wconf 77' lang='lat' dir='ltr'><strong>venarum</strong></span> <span class='ocrx_word' id='word_1_303' title='bbox 1062 2330 1241 2380; x_wconf 81' lang='lat' dir='ltr'><strong>metalliearnm</strong></span> 
     </span>
    </p>
   </div>
   <div class='ocr_carea' id='block_1_3' title="bbox 214 2393 1241 2524">
    <p class='ocr_par' dir='ltr' id='par_1_6' title="bbox 214 2393 1241 2524">
     <span class='ocr_line' id='line_1_30' title="bbox 214 2393 783 2461; baseline -0.005 -15"><span class='ocrx_word' id='word_1_304' title='bbox 214 2399 330 2461; x_wconf 74' lang='lat' dir='ltr'><strong>fundati,</strong></span> <span class='ocrx_word' id='word_1_305' title='bbox 340 2414 388 2448; x_wconf 93' lang='lat' dir='ltr'><strong>non</strong></span> <span class='ocrx_word' id='word_1_306' title='bbox 397 2399 474 2460; x_wconf 85' lang='lat' dir='ltr'><strong>pluris</strong></span> <span class='ocrx_word' id='word_1_307' title='bbox 484 2393 557 2457; x_wconf 79' lang='lat' dir='ltr'><strong>qn&#39;am</strong></span> <span class='ocrx_word' id='word_1_308' title='bbox 566 2397 629 2445; x_wconf 87' lang='lat' dir='ltr'><strong>niter</strong></span> <span class='ocrx_word' id='word_1_309' title='bbox 639 2397 783 2444; x_wconf 85' lang='lat' dir='ltr'><strong>aestimetur.</strong></span> 
     </span>
     <span class='ocr_line' id='line_1_31' title="bbox 244 2463 1241 2524; baseline -0.003 -8"><span class='ocrx_word' id='word_1_310' title='bbox 244 2464 319 2516; x_wconf 77' lang='lat' dir='ltr'><strong>Seuius</strong></span> <span class='ocrx_word' id='word_1_311' title='bbox 328 2468 391 2516; x_wconf 86' lang='lat' dir='ltr'><strong>toret</strong></span> <span class='ocrx_word' id='word_1_312' title='bbox 401 2466 533 2515; x_wconf 81' lang='lat' dir='ltr'><strong>dicendum</strong></span> <span class='ocrx_word' id='word_1_313' title='bbox 549 2465 570 2511; x_wconf 91' lang='lat' dir='ltr'><strong>si</strong></span> <span class='ocrx_word' id='word_1_314' title='bbox 582 2476 667 2512; x_wconf 89' lang='lat' dir='ltr'><strong>omnes</strong></span> <span class='ocrx_word' id='word_1_315' title='bbox 684 2463 857 2524; x_wconf 68' lang='lat' dir='ltr'><strong>cognoscerent</strong></span> <span class='ocrx_word' id='word_1_316' title='bbox 867 2476 943 2522; x_wconf 81' lang='lat' dir='ltr'><strong>uenas</strong></span> <span class='ocrx_word' id='word_1_317' title='bbox 957 2463 1107 2524; x_wconf 83' lang='lat' dir='ltr'><strong>metallicus,</strong></span> <span class='ocrx_word' id='word_1_318' title='bbox 1124 2463 1241 2513; x_wconf 88' lang='lat' dir='ltr'><strong>sedunus</strong></span> 
     </span>
    </p>
   </div>
   <div class='ocr_carea' id='block_1_4' title="bbox 213 2527 1242 2593">
    <p class='ocr_par' dir='ltr' id='par_1_7' title="bbox 213 2527 1242 2593">
     <span class='ocr_line' id='line_1_32' title="bbox 213 2527 1242 2593; baseline -0.004 -7"><span class='ocrx_word' id='word_1_319' title='bbox 213 2537 289 2586; x_wconf 67' lang='lat' dir='ltr'><strong>minet</strong></span> <span class='ocrx_word' id='word_1_320' title='bbox 299 2527 398 2585; x_wconf 79' lang='lat' dir='ltr'><strong>modum</strong></span> <span class='ocrx_word' id='word_1_321' title='bbox 407 2548 448 2584; x_wconf 87' lang='lat' dir='ltr'><strong>eas</strong></span> <span class='ocrx_word' id='word_1_322' title='bbox 458 2533 618 2592; x_wconf 78' lang='lat' dir='ltr'><strong>extrahendi,</strong></span> <span class='ocrx_word' id='word_1_323' title='bbox 627 2535 708 2592; x_wconf 81' lang='lat' dir='ltr'><strong>posset</strong></span> <span class='ocrx_word' id='word_1_324' title='bbox 717 2544 800 2590; x_wconf 77' lang='lat' dir='ltr'><strong>agrum</strong></span> <span class='ocrx_word' id='word_1_325' title='bbox 811 2544 894 2579; x_wconf 82' lang='lat' dir='ltr'><strong>ornere</strong></span> <span class='ocrx_word' id='word_1_326' title='bbox 903 2532 983 2591; x_wconf 85' lang='lat' dir='ltr'><strong>pretio</strong></span> <span class='ocrx_word' id='word_1_327' title='bbox 991 2533 1100 2593; x_wconf 74' lang='lat' dir='ltr'><strong>vulgari,</strong></span> <span class='ocrx_word' id='word_1_328' title='bbox 1109 2533 1172 2582; x_wconf 89' lang='lat' dir='ltr'><strong>sieut</strong></span> <span class='ocrx_word' id='word_1_329' title='bbox 1180 2533 1242 2582; x_wconf 87' lang='lat' dir='ltr'><strong>bue·</strong></span> 
     </span>
    </p>
   </div>
   <div class='ocr_carea' id='block_1_5' title="bbox 111 2600 954 2666">
    <p class='ocr_par' dir='ltr' id='par_1_8' title="bbox 111 2600 954 2666">
     <span class='ocr_line' id='line_1_33' title="bbox 111 2600 954 2666; baseline -0.009 -9"><span class='ocrx_word' id='word_1_330' title='bbox 111 2625 112 2634; x_wconf 54' lang='lat'>¹</span> <span class='ocrx_word' id='word_1_331' title='bbox 213 2619 291 2666; x_wconf 79' lang='lat' dir='ltr'><strong>usque</strong></span> <span class='ocrx_word' id='word_1_332' title='bbox 300 2605 474 2654; x_wconf 87' lang='lat' dir='ltr'><strong>indomabilem</strong></span> <span class='ocrx_word' id='word_1_333' title='bbox 485 2614 590 2662; x_wconf 85' lang='lat' dir='ltr'><strong>equum,</strong></span> <span class='ocrx_word' id='word_1_334' title='bbox 600 2614 676 2660; x_wconf 85' lang='lat' dir='ltr'><strong>quem</strong></span> <span class='ocrx_word' id='word_1_335' title='bbox 685 2600 738 2659; x_wconf 82' lang='lat' dir='ltr'><strong>ipse</strong></span> <span class='ocrx_word' id='word_1_336' title='bbox 749 2601 832 2659; x_wconf 85' lang='lat' dir='ltr'><strong>posset</strong></span> <span class='ocrx_word' id='word_1_337' title='bbox 845 2601 954 2649; x_wconf 88' lang='lat' dir='ltr'><strong>domare.</strong></span> 
     </span>
    </p>
   </div>
   <div class='ocr_carea' id='block_1_6' title="bbox 211 2665 1240 3010">
    <p class='ocr_par' dir='ltr' id='par_1_9' title="bbox 211 2665 1240 3010">
     <span class='ocr_line' id='line_1_34' title="bbox 243 2665 1239 2731; baseline -0.001 -11"><span class='ocrx_word' id='word_1_338' title='bbox 243 2675 315 2722; x_wconf 79' lang='lat' dir='ltr'><strong>ltotet</strong></span> <span class='ocrx_word' id='word_1_339' title='bbox 324 2671 366 2720; x_wconf 84' lang='lat' dir='ltr'><strong>lile</strong></span> <span class='ocrx_word' id='word_1_340' title='bbox 375 2668 464 2720; x_wconf 84' lang='lat' dir='ltr'><strong>mortib</strong></span> <span class='ocrx_word' id='word_1_341' title='bbox 474 2670 625 2718; x_wconf 77' lang='lat' dir='ltr'><strong>l‘.los.1tnt.</strong></span> <span class='ocrx_word' id='word_1_342' title='bbox 637 2669 797 2728; x_wconf 67' lang='lat' dir='ltr'><strong>chirographa</strong></span> <span class='ocrx_word' id='word_1_343' title='bbox 807 2668 916 2716; x_wconf 85' lang='lat' dir='ltr'><strong>diitreilis</strong></span> <span class='ocrx_word' id='word_1_344' title='bbox 924 2668 1061 2730; x_wconf 78' lang='lat' dir='ltr'><strong>semilunio,</strong></span> <span class='ocrx_word' id='word_1_345' title='bbox 1070 2665 1171 2731; x_wconf 79' lang='lat' dir='ltr'><strong>praecist</strong></span> <span class='ocrx_word' id='word_1_346' title='bbox 1181 2671 1239 2731; x_wconf 85' lang='lat' dir='ltr'><strong>quia</strong></span> 
     </span>
     <span class='ocr_line' id='line_1_35' title="bbox 211 2735 1239 2800; baseline -0.005 -8"><span class='ocrx_word' id='word_1_347' title='bbox 211 2745 270 2792; x_wconf 85' lang='lat' dir='ltr'><strong>snut</strong></span> <span class='ocrx_word' id='word_1_348' title='bbox 281 2745 307 2791; x_wconf 89' lang='lat' dir='ltr'><strong>in</strong></span> <span class='ocrx_word' id='word_1_349' title='bbox 317 2742 417 2800; x_wconf 75' lang='lat' dir='ltr'><strong>regione</strong></span> <span class='ocrx_word' id='word_1_350' title='bbox 427 2737 573 2798; x_wconf 77' lang='lat' dir='ltr'><strong>longinqui,</strong></span> <span class='ocrx_word' id='word_1_351' title='bbox 583 2750 633 2785; x_wconf 92' lang='lat' dir='ltr'><strong>non</strong></span> <span class='ocrx_word' id='word_1_352' title='bbox 643 2750 713 2797; x_wconf 79' lang='lat' dir='ltr'><strong>posse</strong></span> <span class='ocrx_word' id='word_1_353' title='bbox 724 2735 780 2785; x_wconf 87' lang='lat' dir='ltr'><strong>ideb</strong></span> <span class='ocrx_word' id='word_1_354' title='bbox 790 2737 871 2784; x_wconf 86' lang='lat' dir='ltr'><strong>viliori</strong></span> <span class='ocrx_word' id='word_1_355' title='bbox 883 2739 933 2784; x_wconf 89' lang='lat' dir='ltr'><strong>emi</strong></span> <span class='ocrx_word' id='word_1_356' title='bbox 950 2739 1030 2798; x_wconf 86' lang='lat' dir='ltr'><strong>pretio</strong></span> <span class='ocrx_word' id='word_1_357' title='bbox 1050 2741 1081 2786; x_wconf 90' lang='lat' dir='ltr'><strong>nb</strong></span> <span class='ocrx_word' id='word_1_358' title='bbox 1101 2739 1239 2787; x_wconf 85' lang='lat' dir='ltr'><strong>habitatore</strong></span> 
     </span>
     <span class='ocr_line' id='line_1_36' title="bbox 213 2805 1240 2867; baseline -0.006 -7"><span class='ocrx_word' id='word_1_359' title='bbox 213 2813 281 2860; x_wconf 86' lang='lat' dir='ltr'><strong>lilius</strong></span> <span class='ocrx_word' id='word_1_360' title='bbox 290 2807 405 2867; x_wconf 73' lang='lat' dir='ltr'><strong>regionis.</strong></span> <span class='ocrx_word' id='word_1_361' title='bbox 416 2807 453 2853; x_wconf 89' lang='lat' dir='ltr'><strong>lbi</strong></span> <span class='ocrx_word' id='word_1_362' title='bbox 464 2807 531 2852; x_wconf 87' lang='lat' dir='ltr'><strong>enim</strong></span> <span class='ocrx_word' id='word_1_363' title='bbox 550 2805 629 2852; x_wconf 85' lang='lat' dir='ltr'><strong>tacitis</strong></span> <span class='ocrx_word' id='word_1_364' title='bbox 644 2807 701 2853; x_wconf 90' lang='lat' dir='ltr'><strong>sunt</strong></span> <span class='ocrx_word' id='word_1_365' title='bbox 710 2806 854 2864; x_wconf 83' lang='lat' dir='ltr'><strong>solutionis,</strong></span> <span class='ocrx_word' id='word_1_366' title='bbox 866 2807 1010 2853; x_wconf 83' lang='lat' dir='ltr'><strong>stratorem</strong></span> <span class='ocrx_word' id='word_1_367' title='bbox 1021 2808 1129 2856; x_wconf 88' lang='lat' dir='ltr'><strong>retinent</strong></span> <span class='ocrx_word' id='word_1_368' title='bbox 1137 2809 1163 2854; x_wconf 92' lang='lat' dir='ltr'><strong>in</strong></span> <span class='ocrx_word' id='word_1_369' title='bbox 1174 2820 1240 2855; x_wconf 63' lang='lat' dir='ltr'><strong>coma</strong></span> 
     </span>
     <span class='ocr_line' id='line_1_37' title="bbox 213 2873 1238 2938; baseline -0.006 -10"><span class='ocrx_word' id='word_1_370' title='bbox 213 2879 282 2928; x_wconf 86' lang='lat' dir='ltr'><strong>muni</strong></span> <span class='ocrx_word' id='word_1_371' title='bbox 292 2875 428 2924; x_wconf 77' lang='lat' dir='ltr'><strong>incolarum</strong></span> <span class='ocrx_word' id='word_1_372' title='bbox 438 2873 511 2931; x_wconf 81' lang='lat' dir='ltr'><strong>liujus</strong></span> <span class='ocrx_word' id='word_1_373' title='bbox 520 2874 627 2932; x_wconf 77' lang='lat' dir='ltr'><strong>regionis</strong></span> <span class='ocrx_word' id='word_1_374' title='bbox 638 2873 944 2936; x_wconf 86' lang='lat' dir='ltr'><strong>aestimationeiundatum,</strong></span> <span class='ocrx_word' id='word_1_375' title='bbox 953 2875 1079 2936; x_wconf 79' lang='lat' dir='ltr'><strong>supposito</strong></span> <span class='ocrx_word' id='word_1_376' title='bbox 1088 2876 1164 2924; x_wconf 86' lang='lat' dir='ltr'><strong>etiam</strong></span> <span class='ocrx_word' id='word_1_377' title='bbox 1173 2873 1238 2938; x_wconf 78' lang='lat' dir='ltr'><strong>qnod</strong></span> 
     </span>
     <span class='ocr_line' id='line_1_38' title="bbox 212 2941 648 3010; baseline -0.011 -15"><span class='ocrx_word' id='word_1_378' title='bbox 212 2959 262 3000; x_wconf 90' lang='lat' dir='ltr'><strong>non</strong></span> <span class='ocrx_word' id='word_1_379' title='bbox 270 2941 490 3010; x_wconf 83' lang='lat' dir='ltr'><strong>bsbsautpretiurn</strong></span> <span class='ocrx_word' id='word_1_380' title='bbox 499 2941 648 3002; x_wconf 77' lang='lat' dir='ltr'><strong>legitimum.</strong></span> 
     </span>
    </p>
   </div>
   <div class='ocr_carea' id='block_1_7' title="bbox 662 3045 778 3066">
    <p class='ocr_par' dir='ltr' id='par_1_10' title="bbox 662 3045 778 3066">
     <span class='ocr_line' id='line_1_39' title="bbox 662 3045 778 3066; baseline 0 -3"><span class='ocrx_word' id='word_1_381' title='bbox 662 3045 778 3066; x_wconf 60' lang='lat' dir='ltr'><strong>autad-v</strong></span> 
     </span>
    </p>
   </div>
   <div class='ocr_carea' id='block_1_8' title="bbox 210 3104 1238 3674">
    <p class='ocr_par' dir='ltr' id='par_1_11' title="bbox 211 3104 1238 3486">
     <span class='ocr_line' id='line_1_40' title="bbox 253 3104 1238 3204; baseline 0.001 -25"><span class='ocrx_word' id='word_1_382' title='bbox 253 3115 326 3202; x_wconf 68' lang='lat'><strong>478.</strong></span> <span class='ocrx_word' id='word_1_383' title='bbox 345 3109 434 3204; x_wconf 84' lang='lat' dir='ltr'><strong>Ergb</strong></span> <span class='ocrx_word' id='word_1_384' title='bbox 447 3104 631 3193; x_wconf 66' lang='lat' dir='ltr'><strong>2⁰,tenetur</strong></span> <span class='ocrx_word' id='word_1_385' title='bbox 648 3128 767 3204; x_wconf 85' lang='lat' dir='ltr'><strong>emptor</strong></span> <span class='ocrx_word' id='word_1_386' title='bbox 778 3113 962 3181; x_wconf 84' lang='lat' dir='ltr'><strong>vendentem</strong></span> <span class='ocrx_word' id='word_1_387' title='bbox 972 3128 1097 3180; x_wconf 85' lang='lat' dir='ltr'><strong>monere</strong></span> <span class='ocrx_word' id='word_1_388' title='bbox 1117 3111 1238 3198; x_wconf 83' lang='lat' dir='ltr'><strong>depre-</strong></span> 
     </span>
     <span class='ocr_line' id='line_1_41' title="bbox 211 3206 1238 3302; baseline -0.005 -23"><span class='ocrx_word' id='word_1_389' title='bbox 211 3209 350 3279; x_wconf 79' lang='lat' dir='ltr'><strong>tiosr‘tate</strong></span> <span class='ocrx_word' id='word_1_390' title='bbox 363 3207 502 3290; x_wconf 77' lang='lat' dir='ltr'><strong>reisue,</strong></span> <span class='ocrx_word' id='word_1_391' title='bbox 518 3207 626 3276; x_wconf 84' lang='lat' dir='ltr'><strong>saltem</strong></span> <span class='ocrx_word' id='word_1_392' title='bbox 639 3206 683 3292; x_wconf 81' lang='lat' dir='ltr'><strong>si,</strong></span> <span class='ocrx_word' id='word_1_393' title='bbox 699 3223 730 3276; x_wconf 86' lang='lat' dir='ltr'><strong>et</strong></span> <span class='ocrx_word' id='word_1_394' title='bbox 742 3206 816 3277; x_wconf 74' lang='lat' dir='ltr'><strong>lices</strong></span> <span class='ocrx_word' id='word_1_395' title='bbox 829 3207 931 3277; x_wconf 74' lang='lat' dir='ltr'><strong>solnm</strong></span> <span class='ocrx_word' id='word_1_396' title='bbox 940 3207 1090 3302; x_wconf 74' lang='lat' dir='ltr'><strong>implicite</strong></span> <span class='ocrx_word' id='word_1_397' title='bbox 1107 3207 1238 3276; x_wconf 87' lang='lat' dir='ltr'><strong>interro·</strong></span> 
     </span>
     <span class='ocr_line' id='line_1_42' title="bbox 211 3302 1237 3399; baseline -0.003 -26"><span class='ocrx_word' id='word_1_398' title='bbox 211 3321 300 3391; x_wconf 78' lang='lat' dir='ltr'><strong>gutur</strong></span> <span class='ocrx_word' id='word_1_399' title='bbox 313 3337 322 3384; x_wconf 74' lang='lat' dir='ltr'><strong>t</strong></span> <span class='ocrx_word' id='word_1_400' title='bbox 346 3319 376 3372; x_wconf 86' lang='lat' dir='ltr'><strong>et</strong></span> <span class='ocrx_word' id='word_1_401' title='bbox 390 3303 417 3372; x_wconf 90' lang='lat' dir='ltr'><strong>si</strong></span> <span class='ocrx_word' id='word_1_402' title='bbox 437 3328 499 3372; x_wconf 90' lang='lat' dir='ltr'><strong>uon</strong></span> <span class='ocrx_word' id='word_1_403' title='bbox 518 3302 737 3395; x_wconf 84' lang='lat' dir='ltr'><strong>interrogetur,</strong></span> <span class='ocrx_word' id='word_1_404' title='bbox 762 3304 838 3373; x_wconf 89' lang='lat' dir='ltr'><strong>dere</strong></span> <span class='ocrx_word' id='word_1_405' title='bbox 851 3303 987 3399; x_wconf 85' lang='lat' dir='ltr'><strong>pretium</strong></span> <span class='ocrx_word' id='word_1_406' title='bbox 999 3303 1041 3372; x_wconf 87' lang='lat' dir='ltr'><strong>ad</strong></span> <span class='ocrx_word' id='word_1_407' title='bbox 1054 3302 1156 3371; x_wconf 77' lang='lat' dir='ltr'><strong>minius</strong></span> <span class='ocrx_word' id='word_1_408' title='bbox 1169 3302 1237 3370; x_wconf 86' lang='lat' dir='ltr'><strong>inti·</strong></span> 
     </span>
     <span class='ocr_line' id='line_1_43' title="bbox 211 3398 792 3486; baseline 0.005 -3"><span class='ocrx_word' id='word_1_409' title='bbox 211 3398 373 3483; x_wconf 66' lang='lat' dir='ltr'><strong>mumtab</strong></span> <span class='ocrx_word' id='word_1_410' title='bbox 676 3464 679 3473; x_wconf 73' lang='lat'><strong>.</strong></span> <span class='ocrx_word' id='word_1_411' title='bbox 790 3481 792 3486; x_wconf 79' lang='grc'>,</span> 
     </span>
    </p>

    <p class='ocr_par' dir='ltr' id='par_1_12' title="bbox 210 3490 1236 3674">
     <span class='ocr_line' id='line_1_44' title="bbox 233 3490 1236 3586; baseline -0.004 -25"><span class='ocrx_word' id='word_1_412' title='bbox 233 3490 237 3496; x_wconf 68' lang='grc'><em>’</em></span> <span class='ocrx_word' id='word_1_413' title='bbox 253 3493 289 3561; x_wconf 90' lang='lat' dir='ltr'><strong>Si</strong></span> <span class='ocrx_word' id='word_1_414' title='bbox 301 3506 403 3562; x_wconf 88' lang='lat' dir='ltr'><strong>autem</strong></span> <span class='ocrx_word' id='word_1_415' title='bbox 418 3504 549 3586; x_wconf 87' lang='lat' dir='ltr'><strong>uterque</strong></span> <span class='ocrx_word' id='word_1_416' title='bbox 560 3493 607 3561; x_wconf 88' lang='lat' dir='ltr'><strong>rei</strong></span> <span class='ocrx_word' id='word_1_417' title='bbox 621 3515 699 3561; x_wconf 83' lang='lat' dir='ltr'><strong>rarae</strong></span> <span class='ocrx_word' id='word_1_418' title='bbox 713 3492 848 3586; x_wconf 83' lang='lat' dir='ltr'><strong>pretium</strong></span> <span class='ocrx_word' id='word_1_419' title='bbox 862 3492 1002 3583; x_wconf 80' lang='lat' dir='ltr'><strong>ignoret,</strong></span> <span class='ocrx_word' id='word_1_420' title='bbox 1024 3506 1151 3585; x_wconf 87' lang='lat' dir='ltr'><strong>possunt</strong></span> <span class='ocrx_word' id='word_1_421' title='bbox 1163 3515 1236 3558; x_wconf 82' lang='lat' dir='ltr'><strong>ven·</strong></span> 
     </span>
     <span class='ocr_line' id='line_1_45' title="bbox 210 3587 901 3674; baseline 0.003 -18"><span class='ocrx_word' id='word_1_422' title='bbox 210 3589 285 3657; x_wconf 85' lang='lat' dir='ltr'><strong>dere</strong></span> <span class='ocrx_word' id='word_1_423' title='bbox 297 3602 328 3658; x_wconf 88' lang='lat' dir='ltr'><strong>et</strong></span> <span class='ocrx_word' id='word_1_424' title='bbox 337 3611 461 3670; x_wconf 82' lang='lat' dir='ltr'><strong>emere,</strong></span> <span class='ocrx_word' id='word_1_425' title='bbox 476 3587 553 3657; x_wconf 88' lang='lat' dir='ltr'><strong>sorti</strong></span> <span class='ocrx_word' id='word_1_426' title='bbox 566 3593 599 3658; x_wconf 84' lang='lat' dir='ltr'><strong>&#39;se</strong></span> <span class='ocrx_word' id='word_1_427' title='bbox 613 3587 831 3660; x_wconf 84' lang='lat' dir='ltr'><strong>committendo</strong></span> <span class='ocrx_word' id='word_1_428' title='bbox 842 3589 901 3674; x_wconf 75' lang='lat' dir='ltr'><strong>(b).</strong></span> 
     </span>
    </p>
   </div>
   <div class='ocr_carea' id='block_1_9' title="bbox 209 3771 1232 3918">
    <p class='ocr_par' dir='ltr' id='par_1_13' title="bbox 209 3771 1232 3918">
     <span class='ocr_line' id='line_1_46' title="bbox 239 3771 1232 3845; baseline -0.01 -13"><span class='ocrx_word' id='word_1_429' title='bbox 239 3781 275 3845; x_wconf 88' lang='lat' dir='ltr'><strong>(o)</strong></span> <span class='ocrx_word' id='word_1_430' title='bbox 287 3783 338 3832; x_wconf 85' lang='lat' dir='ltr'><strong>ltlsl</strong></span> <span class='ocrx_word' id='word_1_431' title='bbox 348 3782 430 3832; x_wconf 68' lang='lat' dir='ltr'><strong>nmen</strong></span> <span class='ocrx_word' id='word_1_432' title='bbox 441 3782 536 3844; x_wconf 81' lang='lat' dir='ltr'><strong>emptor</strong></span> <span class='ocrx_word' id='word_1_433' title='bbox 545 3782 610 3830; x_wconf 89' lang='lat' dir='ltr'><strong>solus</strong></span> <span class='ocrx_word' id='word_1_434' title='bbox 619 3779 737 3831; x_wconf 86' lang='lat' dir='ltr'><strong>virtutem</strong></span> <span class='ocrx_word' id='word_1_435' title='bbox 748 3779 802 3838; x_wconf 83' lang='lat' dir='ltr'><strong>eius</strong></span> <span class='ocrx_word' id='word_1_436' title='bbox 814 3777 958 3841; x_wconf 68' lang='lat' dir='ltr'><strong>coenosum,</strong></span> <span class='ocrx_word' id='word_1_437' title='bbox 967 3775 1026 3837; x_wconf 79' lang='lat' dir='ltr'><strong>quis</strong></span> <span class='ocrx_word' id='word_1_438' title='bbox 1043 3787 1093 3826; x_wconf 90' lang='lat' dir='ltr'><strong>non</strong></span> <span class='ocrx_word' id='word_1_439' title='bbox 1103 3771 1177 3824; x_wconf 85' lang='lat' dir='ltr'><strong>debet</strong></span> <span class='ocrx_word' id='word_1_440' title='bbox 1186 3784 1232 3822; x_wconf 90' lang='lat' dir='ltr'><strong>no·</strong></span> 
     </span>
     <span class='ocr_line' id='line_1_47' title="bbox 209 3843 1232 3918; baseline -0.007 -17"><span class='ocrx_word' id='word_1_441' title='bbox 209 3864 265 3902; x_wconf 86' lang='lat' dir='ltr'><strong>esre</strong></span> <span class='ocrx_word' id='word_1_442' title='bbox 276 3852 413 3910; x_wconf 74' lang='lat' dir='ltr'><strong>obsolentia</strong></span> <span class='ocrx_word' id='word_1_443' title='bbox 432 3851 527 3910; x_wconf 81' lang='lat' dir='ltr'><strong>privata</strong></span> <span class='ocrx_word' id='word_1_444' title='bbox 540 3848 548 3910; x_wconf 90' lang='lat'><strong>(</strong></span> <span class='ocrx_word' id='word_1_445' title='bbox 560 3847 601 3897; x_wconf 85' lang='lat' dir='ltr'><strong>lile</strong></span> <span class='ocrx_word' id='word_1_446' title='bbox 620 3846 682 3898; x_wconf 77' lang='lat' dir='ltr'><strong>lortt</strong></span> <span class='ocrx_word' id='word_1_447' title='bbox 701 3848 828 3897; x_wconf 74' lang='lat' dir='ltr'><strong>triduotrtae</strong></span> <span class='ocrx_word' id='word_1_448' title='bbox 844 3843 1040 3918; x_wconf 66' lang='lat' dir='ltr'><strong>sompniis),</strong></span> <span class='ocrx_word' id='word_1_449' title='bbox 1051 3847 1080 3895; x_wconf 87' lang='lat' dir='ltr'><strong>ut</strong></span> <span class='ocrx_word' id='word_1_450' title='bbox 1097 3855 1147 3894; x_wconf 90' lang='lat' dir='ltr'><strong>non</strong></span> <span class='ocrx_word' id='word_1_451' title='bbox 1166 3844 1232 3898; x_wconf 79' lang='lat' dir='ltr'><strong>ensal</strong></span> 
     </span>
    </p>
   </div>
   <div class='ocr_carea' id='block_1_10' title="bbox 208 3915 645 3986">
    <p class='ocr_par' dir='ltr' id='par_1_14' title="bbox 208 3915 645 3986">
     <span class='ocr_line' id='line_1_48' title="bbox 208 3915 645 3986; baseline -0.021 -15"><span class='ocrx_word' id='word_1_452' title='bbox 208 3920 289 3983; x_wconf 81' lang='lat' dir='ltr'><strong>pretio</strong></span> <span class='ocrx_word' id='word_1_453' title='bbox 298 3921 412 3970; x_wconf 80' lang='lat' dir='ltr'><strong>surrento</strong></span> <span class='ocrx_word' id='word_1_454' title='bbox 424 3916 502 3982; x_wconf 57' lang='lat' dir='ltr'><strong>moi,</strong></span> <span class='ocrx_word' id='word_1_455' title='bbox 513 3915 547 3979; x_wconf 82' lang='lat' dir='ltr'><strong>d].</strong></span> <span class='ocrx_word' id='word_1_456' title='bbox 556 3918 645 3986; x_wconf 25' lang='lat' dir='ltr'><strong>cettei..</strong></span> 
     </span>
    </p>
   </div>
   <div class='ocr_carea' id='block_1_11' title="bbox 0 0 1484 4684">
    <p class='ocr_par' dir='ltr' id='par_1_15' title="bbox 0 0 1484 4684">
     <span class='ocr_line' id='line_1_49' title="bbox 0 0 1484 4684; baseline 0 6"><span class='ocrx_word' id='word_1_457' title='bbox 0 0 1484 4684; x_wconf 95' lang='lat' dir='ltr'><strong> </strong></span> 
     </span>
    </p>
   </div>
  </div>
 </body>
</html>
