2964 4674
225 277 298 356 216
380 299 435 354 oa
455 249 618 388 poturo
638 298 691 352 aa
713 299 850 354 snxro
870 297 1108 370 namenrro

255 387 291 452 (d)
302 391 339 438 Ex
355 388 521 452 propositione
540 387 654 437 damnati
668 387 699 437 ab
718 389 856 437 Alexandro
871 389 929 449 Vll,
947 388 995 438 iter
1005 388 1081 436 unius
1098 387 1150 436 diei
1160 421 1168 450 ,
1178 387 1199 438 si
1208 378 1259 439 tion

222 457 331 508 multllm
342 457 473 518 defatiget,
484 452 498 506 t
507 457 602 516 jejunio
613 470 662 506 non
672 458 770 507 liberat.
781 453 925 518 ordinarie,
935 455 1000 518 saepe
1019 459 1106 514 saltem
1114 489 1124 517 ‚
1132 471 1182 506 non
1192 461 1258 506 ntul-

222 526 277 579 tiuu
288 528 404 588 defatigat
415 528 463 576 iter
473 531 547 576 unlus
557 527 599 574 aut
609 528 711 590 alterius
721 527 772 576 diei
783 539 847 588 equo
856 527 900 574 aut
909 526 986 574 rhodi
997 527 1143 574 factumne
1154 525 1258 587 proinde

222 595 291 646 cartb
304 598 357 647 tuta
367 609 417 656 non
428 597 466 644 est
483 596 606 644 sententia
619 608 705 643 corum
716 597 759 657 qui
778 595 927 656 generaliter
938 595 1060 644 deliniunt
1068 595 1117 644 iter
1127 596 1203 645 trium
1213 595 1258 657 aut

220 668 326 734 quatuor
336 666 432 713 dierum
446 659 460 712 'a
472 663 567 723 iejualo
584 664 704 714 eximere.

253 737 285 802 (e)
297 739 427 804 ductores,
438 737 467 786 ut
481 736 532 802 jam
543 737 745 798 innuimus‚nou
764 737 914 786 conveniant
931 748 963 784 an
976 735 1019 782 lex
1033 735 1124 794 ieiunii
1134 731 1256 796 quatenim

220 809 320 856 unicam
340 807 500 854 relectionem
514 819 571 854 cum
582 805 679 854 coenulai
697 807 857 866 permittens,
868 807 900 854 sit
914 805 1058 865 individua,
1070 801 1104 853 itia
1120 807 1149 854 ut
1160 808 1202 854 ille
1214 808 1257 858 eui

220 891 270 926 non
281 877 371 926 sutnctt
382 876 426 924 illa
443 877 517 923 unica
528 876 630 923 relectio
646 889 702 924 cum
717 875 814 922 eoenuld
833 875 909 936 possit
919 875 951 922 ad
969 873 1069 921 libitum
1091 875 1254 938 manducare,

134 957 140 962 ·
219 948 281 1007 quin
289 947 375 1006 peccet
386 941 469 991 contria
481 944 561 1002 legem
572 944 676 1004 ieiunii,
688 944 734 991 etsi
745 945 861 1003 peccaret
875 944 954 990 forsan
966 937 1049 990 contri
1061 942 1180 990 virtutem
1191 945 1255 992 tem-

219 1013 347 1075 perantiae.
358 1014 395 1058 Ex
402 1013 533 1072 principiis
543 1013 629 1072 positis
640 1013 682 1060 ubi
693 1013 724 1060 de
735 1012 911 1071 adimpletione
923 1012 1006 1070 legum
1020 1009 1104 1073 ΜΠ,
1115 1013 1173 1059 talis
1184 1013 1255 1060 ride-

217 1087 260 1133 tur
269 1081 351 1130 teneri
363 1081 393 1128 ad
404 1081 430 1128 id
440 1081 504 1141 quod
519 1081 612 1140 potest,
621 1093 646 1127 r.
659 1093 705 1138 gr„
718 1081 890 1128 abundantiori
901 1081 1031 1128 contentus
1042 1092 1096 1127 esse
1108 1079 1220 1140 amnuit,
1232 1081 1254 1129 si

218 1150 375 1200 eiordinaria
386 1162 435 1197 non
454 1149 573 1208 sufficiat,
585 1149 629 1196 aut
648 1145 721 1209 parce
739 1150 850 1209 tentare,
862 1149 955 1208 si'opus
975 1149 1015 1195 sit.
1027 1149 1170 1197 Ridiculum
1186 1152 1254 1200 enim

216 1222 282 1269 toret
290 1253 298 1280 ‚
307 1233 332 1268 r.
344 1232 390 1279 gn,
402 1218 547 1279 permittere
556 1217 725 1278 ientaculum,
736 1219 868 1278 prandium
880 1218 906 1266 et
916 1230 1011 1265 ooersam
1023 1218 1110 1265 diebus
1120 1219 1253 1268 ordinariis

216 1289 334 1338 consueta
346 1289 383 1334 illi
401 1288 441 1335 oui
452 1287 545 1335 suflicit
562 1287 695 1347 prandium
707 1289 732 1335 et
742 1287 837 1334 eoenula
849 1287 924 1347 duplo
941 1286 1019 1345 major
1035 1285 1159 1337 consueti.
1174 1288 1253 1347 igitur

215 1353 274 1408 cium
285 1354 379 1406 causa'a
390 1357 485 1415 ieiunio
502 1369 623 1404 excusans
639 1369 689 1404 nou
700 1357 802 1404 excusat
813 1357 861 1404 nisi
876 1351 890 1403 d
902 1359 987 1416 parte,
1004 1355 1033 1403 ut
1042 1351 1107 1417 saepi
1122 1356 1192 1402 labor
1201 1351 1264 1405 uon

212 1423 323 1475 multdm
344 1421 525 1493 defatiganajtd
535 1424 564 1473 ut
574 1437 631 1472 cum
649 1425 753 1486 prandio
764 1426 790 1471 et
801 1423 870 1473 coenai
881 1425 957 1484 possit
968 1425 1105 1485 supportari
1117 1425 1170 1472 sine
1180 1426 1250 1487 pravi

215 1495 383 1553 incommodo,
393 1495 445 1541 llaec
457 1488 535 1540 soldm
546 1493 731 1553 permitterem,
747 1491 796 1539 imb
810 1492 935 1552 aliquibus
951 1493 1074 1539 coenulam
1091 1493 1251 1553 copiosiorem

144 1590 149 1598 ·
214 1561 327 1622 mutim,
339 1563 394 1610 aliis
404 1561 500 1621 aliquid
510 1557 581 1608 mane
593 1573 705 1619 sumere,
717 1561 760 1608 sed
770 1573 828 1607 curn
836 1561 913 1607 nullis
923 1555 1091 1620 scrupulosius
1101 1562 1204 1621 agendo.

245 1633 318 1681 Notat
328 1631 434 1678 Billuart
441 1642 489 1676 non
501 1641 604 1688 peccare
615 1629 753 1677 mortaliter
761 1631 804 1689 qui
815 1632 905 1690 putans
914 1631 1039 1679 sebabere
1051 1644 1149 1679 eausam
1158 1632 1251 1690 iustam
1344 1616 1348 1626 ¹

214 1712 264 1750 nou
273 1700 475 1758 jejunandi,non
485 1697 595 1759 jejunat,
606 1698 654 1745 nisi
668 1699 806 1756 ignorantia
825 1699 880 1756 eius
889 1711 968 1747 crassa
979 1700 1026 1758 sit,
1036 1701 1111 1760 quis,
1122 1701 1150 1748 ut
1161 1702 1196 1748 alt
1206 1703 1254 1748 (la-¹

168 1789 174 1799 -
213 1768 328 1828 tetanus,
340 1767 442 1814 moralia
452 1766 511 1813 sunt
531 1765 659 1813 moraliter
669 1766 868 1826 interpretanda;
880 1779 926 1814 nec
937 1768 1046 1815 Ecclesia
1057 1769 1164 1818 intendit
1172 1770 1250 1817 iuter-

213 1837 292 1896 iicere
302 1837 419 1894 laqueum
428 1834 565 1881 animabus.
577 1835 637 1893 Quae
648 1847 698 1882 nou
708 1836 848 1895 acciperem
860 1835 908 1882 nisi
920 1836 1005 1882 stando
1020 1837 1152 1896 principiis
1163 1837 1206 1885 ubi
1218 1839 1250 1886 de

214 1906 312 1954 aclibus
322 1903 437 1952 humanis
457 1899 696 1964 enuncialis‚minds
703 1900 948 1968 tameurigorosdhlc
957 1899 1065 1966 qutmiu
1074 1905 1250 1966 pluribuaaliis

215 1974 327 2024 materiis
337 1971 501 2034 applicandis.
917 1985 919 1991 ’
953 1985 955 1990 ·

661 2019 777 2036 —

257 2109 330 2175 626.
352 2106 388 2174 In
405 2103 570 2198 preceptis
592 2103 703 2193 jejunii
727 2118 758 2172 et
780 2101 974 2173 abstinentiae
988 2105 1165 2200 dispensant
1187 2133 1250 2177 non

214 2199 316 2266 solium
335 2198 427 2290 Papa
447 2214 478 2266 et
489 2197 685 2290 Episcopus,
707 2199 763 2267 sed
778 2214 809 2268 ct
822 2199 977 2294 parochus
997 2201 1053 2267 ubi
1067 2227 1130 2270 non
1148 2205 1250 2272 estad

214 2292 570 2386 Episcopumrecursus‚
582 2293 646 2360 imis
655 2308 685 2360 et
694 2292 727 2360 in
735 2295 801 2384 ejus
815 2294 980 2389 praesentit
991 2294 1046 2362 ubi
1055 2296 1098 2362 sic
1106 2299 1247 2383 usus(a).

214 2386 281 2453 Sed
295 2385 476 2478 dispensare
488 2385 596 2478 nequit
608 2387 826 2458 confessarius.
845 2388 956 2477 Potest
967 2386 1071 2459 solim
1086 2390 1248 2461 declarare

213 2480 339 2575 quamdi)
354 2479 405 2548 lex
424 2505 487 2548 non
499 2481 638 2574 obligat:
796 2493 799 2500 '
1244 2513 1248 2521 ·

255 2575 300 2644 Et
319 2601 389 2644 cum
406 2575 604 2646 multitudine
623 2577 783 2673 dispensat
801 2578 976 2672 Episcopus
990 2577 1030 2646 oh
1049 2603 1156 2650 causas
1170 2607 1248 2673 gra-

214 2670 357 2740 vissimas
369 2697 446 2764 quas
457 2688 617 2741 enumerat
626 2673 814 2742 Benedictus
826 2672 924 2754 XIV,
938 2687 968 2740 et
983 2700 1053 2742 cum
1068 2676 1175 2746 debiat
1188 2679 1247 2747 sal-

213 2783 291 2850 tam,
305 2767 423 2860 inquit,
447 2769 488 2836 ad
508 2771 615 2838 sedem
627 2771 829 2864 apostolicam
841 2769 1029 2840 reverentii.
1050 2769 1136 2841 Vide
1151 2775 1247 2862 breue

213 2860 416 2931 libentissimi
432 2864 541 2933 datum
562 2893 600 2934 ιο
619 2864 700 2951 junii
721 2869 819 2954 1245,
836 2864 921 2934 etad
941 2889 1048 2936 omnes
1067 2865 1246 2967 Episcopos

211 2957 379 3043 directum.

244 3053 321 3130 ¹Sed
332 3054 504 3124 notandum
512 3060 543 3122 1⁰
554 3052 765 3146 dispensatum
773 3069 807 3122 ut
816 3077 923 3130 carnes
934 3062 1077 3132 comedat
1086 3086 1149 3129 non
1154 3063 1247 3157 posse

213 3145 248 3214 in
261 3149 395 3220 cernuli.
1186 3165 1189 3171 ’

253 3242 309 3310 Αιι
322 3245 527 3328 autem,ci1m
541 3238 728 3336 dispensatio
740 3244 933 3318 multitudini
944 3275 1089 3320 concessa
1103 3251 1164 3335 est,
1180 3257 1247 3320 car*
1296 3260 1300 3268 '

211 3361 267 3409 nes
281 3338 373 3406 edere
388 3339 507 3433 possint
518 3337 633 3430 pluries
647 3337 681 3406 in
694 3339 745 3409 die
756 3340 780 3408 ii
790 3342 844 3436 qui
860 3345 997 3439 jejunare
1009 3372 1072 3414 non
1082 3355 1246 3416 tenentur?

210 3435 267 3499 Au
278 3430 398 3526 pluries
417 3433 450 3522 in
463 3433 627 3504 dominicis
644 3437 890 3530 quadragesimae
904 3441 959 3535 qui
973 3442 1014 3510 ab
1029 3468 1083 3511 esu
1104 3443 1244 3512 carnium

212 3527 254 3594 ob
274 3526 550 3620 dispensationem,
575 3557 638 3600 non
660 3532 911 3605 interdicuntur?
927 3537 979 3605 Ex
993 3537 1162 3606 intentione
1175 3536 1244 3605 dis·

211 3622 369 3716 pensantis
382 3622 432 3692 vel
447 3651 556 3714 exvusu
569 3626 711 3719 legitimis
729 3629 933 3718 judicandum
951 3630 1013 3712 (b).

256 3718 490 3904 3⁰(l))ispensato
503 3723 755 3819 patre-familiis,
775 3749 837 3794 non
851 3725 924 3794 idei>
942 3721 1094 3792 familiam
1109 3723 1240 3814 dispen-

213 3837 284 3882 sare
309 3837 354 3886 c.
