2926 4680
503 282 816 366 niararnr'orrrr
851 283 906 370 ’,
1088 293 1184 388 457

202 403 276 470 881.
290 399 411 492 Ergitr
414 395 612 468 ''mortaiis
598 415 643 468 est
659 387 811 495 copula(a
789 399 873 487 a)1n
893 381 965 468 vase
981 369 1187 494 praepostere,
1223 471 1226 478 3

160 512 212 565 aut
226 496 288 569 alio
304 521 367 562 nen
380 493 551 578 naturalis
541 521 574 561 m
586 521 650 574 ore,
670 510 731 563 etc.
845 521 847 525 ’

190 683 226 747 (ιι)
239 685 316 732 Etiam
327 677 480 744 probabilius
490 659 568 730 saliam
577 681 706 741 inchoata,
714 676 776 730 lieet
786 692 843 729 cum
851 670 990 728 intentione
1002 681 1188 730 consummandi

158 766 185 808 m
196 767 253 802 vase
267 753 388 809 naturali3
400 753 438 800 est
448 752 514 806 enim
525 749 669 810 imperfecta
680 715 797 798 sodomia.
810 749 883 807 Dixi,
894 745 1059 809 probabiliirs3
1071 751 1128 809 qula
1139 763 1197 814 ιιοιι,

158 820 247 868 desunt
261 822 305 880 qui
316 832 373 868 curn
383 819 492 867 Sanclrez
503 814 638 865 excusant
632 831 645 864 a
657 818 753 864 mortali
764 818 844 868 tactus
857 817 887 863 ad
897 815 1031 864 sodomiam
1043 818 1187 878 tendentes,

158 889 178 936 sl
188 891 252 938 absit
262 890 428 940 intentioearn
439 889 633 949 consummandi,
645 888 754 948 talesque
765 888 845 935 tactus
855 886 883 932 nt
891 887 1039 945 simpliciter
1050 887 1188 946 impudicos

159 957 596 1020 1ιιι1ιιιιιιιιιιιιιιιιιιιιιιιῐιιιλ

171 1025 235 1075 linc
249 1029 337 1076 notent
349 1027 460 1087 juniores
472 1025 613 1073 confessarii
625 1023 691 1092 quiid
702 1021 759 1072 crim
768 1024 885 1088 coniuges
896 999 1043 1072 confitentur
1053 1037 1080 1072 se
1091 1021 1105 1072 ia
1116 1025 1187 1086 tergo

158 1095 297 1154 accessisse,
309 1098 351 1144 aut
362 1095 429 1141 hunc
440 1105 565 1140 accessum
577 1095 727 1153 permisisse,
737 1092 911 1154 inquirendum
921 1092 954 1140 sit
963 1105 994 1140 an
1002 1093 1120 1142 tamenin
1127 1107 1186 1146 vase
1196 1137 1197 1142 ,

158 1164 281 1224 naturali3
293 1164 411 1224 quianon
421 1159 587 1210 ordinaritin
598 1165 755 1222 praepostero.

633 1273 749 1292 ᾖ

200 1327 271 1390 88ι.
290 1322 429 1413 Ergo⁰
396 1353 413 1388 2
447 1323 620 1390 mortaliter
628 1338 741 1415 peccat
757 1323 811 1414 qui
833 1349 870 1392 ex
887 1323 1040 1392 industria
1055 1337 1107 1391 aut
1123 1349 1186 1392 non

158 1432 205 1492 sat
218 1433 357 1506 penetrat
369 1417 430 1503 (a),
443 1432 494 1484 aut
508 1417 608 1484 sehim
599 1416 793 1526 partialiter
808 1417 938 1490 seminat
952 1416 985 1496 in
996 1443 1079 1486 vase
1146 1489 1147 1496 ,

197 1507 241 1582 Et
253 1512 365 1582 mulier
379 1537 448 1604 quae
459 1538 563 1580 semen
576 1512 636 1581 viri
648 1512 731 1601 ejicit
742 1529 795 1580 aut
806 1511 932 1601 ejicere
928 1529 1054 1582 conatur
1062 1513 1121 1600 (h).
1192 1533 1195 1538 ’

189 1697 226 1761 (α)
239 1697 452 1758 lutseretralrit,
464 1701 511 1748 etsi
527 1713 576 1747 non
594 1699 722 1758 totaliter,
742 1699 874 1748 eveniente
892 1700 1070 1761 seminatione,
1089 1701 1118 1750 ut
1135 1714 1185 1750 non

156 1769 199 1816 ilat
207 1768 350 1826 conceptio,
361 1733 467 1814 intentio
477 1768 544 1813 enim
555 1769 608 1816 haec
620 1771 753 1828 opponitur
763 1769 806 1815 fini
818 1767 896 1816 actirs.

189 1835 223 1898 (b)
236 1836 282 1882 Vel
292 1833 335 1881 sud
348 1833 419 1894 culpa
430 1847 480 1881 non
492 1837 582 1888 retinet
591 1837 697 1894 ,addunt
708 1839 805 1894 plures,
817 1839 871 1882 ut'
845 1851 887 1915 sn,
899 1834 981 1884 statim
992 1839 1047 1896 post
1058 1840 1185 1900 copulam,

157 1905 255 1952 urinam
267 1904 365 1961 tundat
377 1905 420 1950 aut
429 1902 538 1966 quidvis,
548 1904 623 1950 etlam
639 1917 670 1950 ex
679 1903 743 1960 Justa
755 1891 855 1951 aliunde
865 1917 950 1964 causa
962 1904 1030 1950 aliud
1041 1905 1125 1964 lactat,
1136 1919 1185 1964 quo
1234 1935 1239 1942 ·

143 1984 289 2057 'semen'
253 1936 385 2030 exceptuin
400 1972 519 2029 expellat
531 1972 582 2017 lion
601 1971 700 2017 tenetur
710 1974 793 2018 tamen
807 1968 881 2020 arixis
896 1970 939 2018 diu
951 1972 1038 2050 sppina
1049 1985 1148 2020 manere
1159 1975 1186 2021 in

145 2039 236 2100 lecte,
247 2040 306 2101 qaia
320 2037 444 2088 rarissime
456 2039 539 2086 rluxus
550 2039 650 2086 seminis
663 2051 695 2088 ex
706 2039 802 2086 diverso
818 2041 867 2088 situ
877 2040 985 2099 corporis
996 2041 1123 2100 contingit.

619 2142 736 2158 —u-
777 2133 786 2148 α

199 2203 272 2276 883.
283 2199 371 2289 Ergo
383 2201 415 2262 3⁰
428 2196 605 2285 Quilibet'
581 2213 656 2265 satus
667 2212 780 2291 praeter
790 2199 961 2270 naturalem
967 2199 1015 2282 (a)
1025 2213 1185 2317 peccatum

156 2295 276 2366 veniale
290 2320 352 2362 non
366 2292 495 2372 excedit,
511 2293 637 2366 absente
652 2291 790 2386 periculo
803 2318 866 2359 non
879 2293 1073 2361 seminandi
1065 2299 1197 2425 integre„

156 2393 190 2461 in
206 2419 293 2473 vase,
311 2405 364 2458 aut
378 2413 482 2457 semen
494 2384 655 2480 rejiciendi
667 2388 725 2473 (l).

198 2489 347 2558 Graviter
363 2501 469 2554 tamen
488 2483 669 2600 increpapdi
683 2484 755 2576 qui,
761 2485 827 2552 sine
840 2484 922 2573 justi
937 2487 1028 2552 causi
1035 2486 1186 2572 (c)‚s1tum

155 2584 329 2660 naturalem
338 2596 469 2660 mutant,
485 2585 658 2672 praesertim
671 2579 699 2646 si
709 2579 757 2646 vir
767 2580 913 2656 accedat
903 2595 1031 2670 atergo,
1046 2595 1098 2646 aut
1111 2605 1186 2646 suc·
1244 2609 1246 2614 ·

158 2681 299 2756 cumbat3
328 2676 396 2743 haee
425 2674 525 2756 enim,
551 2673 651 2767 inquit,
678 2674 723 2752 D,
740 2671 898 2758 Thomas,
918 2678 999 2767 saepis
1013 2673 1101 2767 signa
1114 2692 1201 2744 sunt,

158 2771 410 2868 concupiscentiae
424 2768 577 2838 mortalis

189 2958 224 3024 (a)
234 2957 309 3008 Juxta
320 2959 350 3006 l).
362 2959 478 3006 'thomam
489 2957 551 3006 situs
566 2958 686 3013 naturalis
698 2971 736 3016 esc
746 2958 775 3007 ut
786 2957 876 3006 mulier
885 2955 969 3016 iaceat
979 2957 1005 3004 in
1022 2957 1101 3007 dorso.
1118 2960 1184 3008 Atta-

157 3043 214 3079 men
222 3065 235 3091 ,Ι
242 3024 312 3087 juxt'a
324 3030 408 3088 plures
418 3028 540 3088 medicos,
551 3028 612 3076 situs
631 3029 668 3076 est
678 3027 798 3076 naturalis
810 3027 945 3088 qui-aptior
962 3026 1130 3086 generationi,
1141 3029 1184 3088 qui

155 3100 294 3160 jucundior.
305 3099 331 3144 ln
343 3097 414 3157 praxi
423 3098 505 3144 tamen
514 3109 630 3159 sequerer
642 3097 791 3144 sententiam
801 3097 831 3142 D.
843 3097 951 3150 Tiremae.
963 3095 1029 3141 Situs
1038 3095 1184 3153 enimquem

158 3168 272 3226 adoptat,
281 3165 418 3212 admittitur
432 3163 553 3212 ordinarie
565 3161 628 3213 velia
640 3165 790 3224 fornicariis,
802 3161 867 3211 unde
880 3162 1075 3210 concludendum
1085 3163 1185 3212 videtur

158 3237 301 3292 illumesse
319 3234 467 3280 naturalem.
479 3233 650 3290 permitterem
667 3234 766 3292 tamen,
782 3234 808 3282 ct
824 3228 899 3294 prurit
915 3231 1020 3278 dictaret
1038 3231 1183 3292 prudentia,
1248 3277 1258 3298 ι

157 3301 220 3352 torte
232 3302 385 3356 considerem
396 3300 472 3346 aliurn
483 3301 571 3359 situm,
582 3301 686 3348 servatis
697 3299 832 3361 servandis,
841 3298 1052 3358 mulieribusque
1068 3311 1116 3346 non
1128 3313 1185 3349 con·

158 3372 255 3434 cipiunt
265 3368 392 3416 servando
396 3368 470 3415 situm
489 3368 653 3428 ordinarium3
673 3369 704 3415 ad
715 3368 895 3425 experiendam
910 3362 999 3426 nempe
1018 3365 1050 3412 a'n
1069 3366 1184 3430 'concipe-

158 3443 222 3504 rent.

188 3510 254 3558 Situs
262 3519 304 3566 qur
298 3505 381 3552 solus
390 3475 513 3564 possibilis
524 3503 561 3552 est
571 3537 579 3564 ,
590 3503 775 3566 qualiscumque
791 3504 836 3565 sit,
855 3516 905 3552 ιιοιι
917 3516 954 3551 esc
964 3498 1089 3550 ullatenirs
1099 3516 1183 3565 repro

157 3579 266 3634 bandus,
278 3573 324 3621 etsi
342 3576 459 3633 sequatur
470 3573 565 3633 aliqua,
586 3571 635 3620 imi)
650 3573 766 3620 notabilis
779 3573 880 3621 seminis
890 3573 1010 3654 perditio,
1025 3571 1110 3620 invitis
1126 3587 1184 3624 con-

156 3645 341 3712 mediantibus,
351 3639 423 3690 modi
433 3644 513 3704 aliqua
525 3657 581 3703 pars
591 3643 692 3690 seminis
702 3643 895 3703 intmrnittatur3
907 3643 965 3704 quia
979 3638 1066 3703 partim
1081 3645 1190 3696 seminis·

155 3716 247 3782 sufficit
257 3713 288 3762 ad
296 3711 493 3773 generationem,
503 3713 528 3761 et
538 3711 602 3774 quod
610 3713 732 3772 perditur,
739 3713 917 3794 perditurtunc
927 3725 972 3774 per
982 3711 1102 3760 accidens.
1113 3700 1187 3773 Quod‘

157 3785 316 3835 extenderem
328 3781 450 3829 adrasum
460 3782 486 3827 in
496 3793 544 3862 pao
553 3778 608 3829 raro
618 3781 699 3843 aliqua
709 3781 808 3835 seminis
817 3795 872 3843 pars
880 3781 907 3830 in
917 3794 960 3829 vas
968 3780 1181 3836 intromitteretur

157 3855 269 3928 Alioquin
281 3852 343 3902 toret
364 3852 423 3906 tuac
438 3847 537 3918 ornarin'o
555 3849 587 3903 alr
601 3857 648 3899 risu
663 3851 812 3901 matrimonii
826 3851 1005 3907 abstinendum
1020 3848 1068 3896 Sed
1084 3848 1182 3910 excipio
