2926 4680
263 356 343 456 dqt
601 355 659 431 nn'
679 356 969 432 sacn'aurrtro

312 465 350 534 ln
359 461 526 556 posteriori
540 467 619 534 verd
629 465 687 562 (s)
703 465 830 534 obtenti
843 465 953 534 itidem
967 465 1213 560 disponsatione,
1228 493 1304 536 com

265 561 376 628 'sensus
391 577 436 628 est
450 565 555 628 coraim
569 560 706 654 parocho
721 576 751 628 et
765 561 895 630 testibus
916 562 1127 645 renovandus,
1149 571 1302 656 quantdm

269 659 388 724 secrotd
412 657 479 724 fieri
499 657 633 752 poterit,
658 657 688 726 si
708 657 900 726 matrimonii
919 657 1046 726 nullitas
1063 660 1201 726 nondum
1222 683 1298 728 eru-

236 785 241 789 -
312 751 352 817 rit
421 803 429 818 .

265 751 468 914 peCaeicri'rm
495 839 642 938 conjuges
671 836 797 915 nulliter
822 846 912 942 nupti
940 845 1099 915 ordinarit
1131 847 1298 916 inducendi
1331 883 1343 904 .

267 956 338 1010 sunt
358 944 398 1009 ad
422 943 612 1011 matrimonii
639 943 909 1024 instaurationem,
936 945 977 1010 ad
1004 943 1164 1012 vitandum
1185 947 1296 1038 nempe

266 1038 458 1118 scandalum,
474 1040 556 1108 etad
571 1039 688 1106 bonum
701 1039 810 1131 piolis,
826 1039 853 1106 si
865 1065 935 1132 quae
949 1039 1001 1120 sit,
1012 1041 1253 1130 procurandum.

308 1131 345 1200 Si
358 1149 512 1226 nequeant
525 1150 577 1202 aut
592 1151 739 1216 renuant,
755 1135 864 1202 sistant
876 1158 926 1217 se,
943 1135 1124 1228 priusquam
1145 1161 1204 1229 pro
1220 1159 1297 1202 sem·

266 1253 323 1326 per
334 1229 373 1295 ab
384 1228 517 1298 invicem
532 1230 703 1320 discedant,
719 1233 824 1298 coram
838 1230 941 1320 judice
954 1231 1169 1308 ecclesiastico,
1187 1247 1220 1298 ut
1233 1255 1297 1300 rna·

267 1322 448 1392 trimonium
464 1327 560 1408 [824
573 1327 614 1410 b]
629 1325 800 1394 invalidum
817 1326 1001 1408 declaretur,
1023 1325 1078 1394 etsi
1094 1327 1132 1394 de
1150 1327 1215 1415 ejus
1230 1325 1297 1394 nulv

267 1415 495 1487 litate-nullum
520 1420 560 1488 sit
579 1419 721 1488 dubium.
744 1421 813 1489 Nec
832 1437 958 1514 possent
979 1425 1069 1489 antea
1084 1422 1125 1491 ad
1145 1422 1297 1490 secundas

267 1513 390 1605 nuptias
409 1513 585 1582 convolare.
643 1535 645 1540 ’
813 1529 815 1535 “
1285 1588 1287 1592 ,

309 1607 407 1699 Quod
424 1609 451 1677 si
465 1607 719 1699 impedimentum
737 1606 865 1698 probari
883 1621 1034 1698 nequeat,
1048 1631 1105 1674 nec
1119 1607 1160 1674 sit
1171 1607 1297 1700 dispen-

267 1703 365 1773 sabile
379 1705 426 1788 (ut
436 1703 462 1768 si
473 1699 650 1787 illegitimus
658 1717 800 1780 sororem
807 1725 896 1766 suam
902 1700 1037 1785 duxerit)
1052 1700 1172 1770 :autin
1186 1702 1295 1770 eddom

268 1801 380 1874 domo,
395 1812 428 1863 ut
448 1788 509 1863 non
529 1788 821 1886 nupti‚'maneant;
839 1811 893 1876 aut
907 1795 938 1864 si'
956 1797 1037 1864 adsit
1052 1796 1230 1891 proximum
1250 1797 1295 1866 in·

268 1889 461 1986 continentiae
482 1887 672 1983 periculum,
698 1889 808 1984 ‚aliqud
827 1891 866 1960 de
894 1891 1035 1976 ratione,
1057 1892 1241 1977 famulatds,
1260 1921 1292 1960 v.

267 2017 330 2082 gr„
351 2001 549 2068 mercaturae,
565 1985 669 2078 quoad
682 1983 906 2056 habitationem
920 2004 1113 2081 separentur.
1130 1987 1169 2054 Sr'
1188 1987 1297 2056 ocolus,

266 2095 346 2158 tous,
363 2093 421 2147 cte.
907 2083 912 2136 ἰ

308 2172 372 2243 Sed
386 2173 482 2266 quid,
497 2174 525 2242 si
535 2201 614 2244 unus
625 2180 746 2244 tantirm
759 2177 838 2245 sciat
849 2177 1108 2270 impedimentum
1121 2183 1134 2247 t
1146 2177 1236 2246 Idem
1247 2177 1300 2244 fa·v

265 2266 544 2349 ciendum'Etsi,
567 2270 652 2362 quod
676 2271 885 2352 rarissimum,
907 2273 948 2338 ad
970 2272 1178 2341 redditionem
1195 2269 1299 2341 debiti.

264 2385 320 2442 per
335 2385 479 2428 censuras
492 2377 669 2453 cogeretur,
685 2363 741 2430 has
755 2364 907 2430 sustinere
920 2365 1059 2432 deberet.

294 2527 330 2592 (a)
340 2530 438 2578 Dicenti
449 2541 475 2590 se
488 2540 538 2576 non
556 2531 706 2577 consensisse
722 2530 785 2579 aiter
796 2531 899 2580 credere
913 2543 964 2578 non
978 2531 1091 2592 tenetur,
1106 2532 1154 2580 nisi
1166 2533 1294 2587 evidentia

263 2591 419 2660 proterantur
433 2598 539 2659 indicia,
556 2599 611 2658 vet,
628 2594 701 2657 inuti
720 2597 850 2660 quosdam,
865 2600 971 2650 affirmet
986 2613 1043 2649 cum
1055 2600 1208 2663 iuramento,
1219 2601 1294 2655 modd

263 2670 320 2717 tatis
330 2670 362 2718 sit
372 2671 400 2717 ut
413 2669 529 2729 presumi
540 2668 617 2728 possit
626 2664 692 2728 qudd
707 2679 764 2714 non*
771 2669 878 2728 pejeret.

294 2737 330 2800 (b)
342 2739 438 2786 Sutticit
447 2738 566 2786 hahitatio
578 2740 724 2798 spontanea.
738 2739 820 2786 Cottct.
838 2740 925 2799 Bottty.
987 2771 990 2782 ,

294 2805 327 2870 (c)
338 2809 407 2855 Tunc
418 2808 443 2854 et
461 2807 487 2852 in
497 2808 594 2854 casibus
606 2808 743 2873 similibus,
759 2821 816 2867 pars
826 2809 923 2856 conscia
938 2808 1110 2869 impedimenti
1122 2821 1207 2858 curare
1218 2807 1293 2861 debet

262 2876 292 2924 nt
302 2877 327 2924 et
337 2876 389 2935 ipsa
408 2875 520 2922 etaltera
531 2875 581 2922 sint
600 2877 627 2923 in
636 2876 702 2922 statu
720 2877 818 2934 gratiae,
837 2890 894 2923 curn
914 2890 1045 2924 consensus
1062 2880 1209 2936 renovatur,
1219 2875 1293 2927 nisit

262 2947 332 3007 parte
343 2941 420 2994 nnn
431 2942 517 3002 urgeat
527 2943 606 2992 debiti
616 2944 714 3002 petitio.
725 2944 839 2990 Attamen
848 2941 903 2991 crim
910 2958 959 2992 non
967 2947 999 2992 sit
1007 2947 1073 2992 certa
1084 2944 1183 2993 omnino
1194 2948 1294 2996 senten·

262 3015 298 3064 tia
309 3014 340 3062 de
350 3013 417 3060 modi
428 3013 502 3070 didus
512 3013 668 3059 matrimonia
680 3012 831 3060 instaurandi
841 3013 1001 3071 sufficientid3
1012 3027 1059 3061 nec
1068 3014 1143 3063 etiam
1154 3015 1249 3062 certum
1260 3017 1294 3066 sit

263 3082 436 3132 contrahentes
456 3082 580 3128 ministros
596 3092 648 3126 esse
670 3080 831 3140 sacramenti,
843 3075 921 3128 tutids
941 3094 1071 3129 consensus
1089 3083 1244 3130 renovandus
1255 3087 1295 3136 est

263 3147 344 3200 corint
355 3150 461 3210 parocho
472 3153 497 3198 ct
506 3149 624 3208 testibus,
636 3149 657 3196 si
666 3148 782 3209 possibile
793 3149 847 3196 sine
855 3149 943 3196 damno
954 3151 996 3198 aut
1006 3150 1291 3202 scandalo.P.Gcb.Ant.

263 3224 352 3280 Godct,
363 3224 406 3268 etc.
475 3245 477 3252 ι
513 3267 515 3271 ,
797 3255 798 3260 ,

296 3289 330 3354 (d)
350 3291 393 3337 Ast
411 3288 498 3349 sipars
517 3289 568 3334 sota
584 3287 792 3348 impedimentum
809 3288 953 3348 cognoscat,
963 3301 1010 3336 nec
1024 3289 1101 3348 possit
1118 3289 1173 3336 sino
1189 3289 1291 3338 intamid

264 3360 326 3407 iilud
344 3359 417 3406 atteri
435 3358 498 3418 parti
515 3357 625 3416 aperire,
639 3357 747 3403 rrrnxima
763 3357 790 3403 in
801 3357 873 3416 praxi
885 3357 1025 3405 difficultas.
1036 3358 1104 3404 Varii
1115 3359 1196 3406 varios
1207 3358 1292 3406 modos

262 3427 379 3473 edocent.
388 3423 462 3473 Juxta
472 3425 567 3487 piures,
577 3425 667 3472 sufficit
676 3426 704 3472 ut
713 3437 769 3484 pars
782 3417 953 3484 impedimenti
963 3426 1074 3486 conscia,
1083 3425 1185 3474 obtenta
1192 3426 1293 3486 dispen-

262 3496 372 3552 satione,
383 3495 449 3542 dicat
459 3495 531 3543 atteri
543 3507 550 3539 ι
564 3497 595 3540 Tc
605 3493 639 3542 r'td
652 3495 734 3554 ddipo,
742 3497 768 3541 nt
780 3495 858 3542 cinon
869 3498 924 3542 esset
939 3497 1000 3543 inter
1011 3509 1052 3544 noc
1062 3498 1253 3553 matrimonium,
1268 3498 1292 3545 te

263 3564 389 3620 acciperent
400 3564 425 3608 in
435 3563 564 3622 conjupcm,
580 3561 639 3610 sicot
651 3565 671 3610 te
681 3576 743 3610 nunc
759 3565 854 3624 occipio.
872 3565 916 3610 Dtc
933 3567 958 3610 to
969 3563 1029 3624 quod
1045 3567 1116 3611 ctiam
1134 3567 1233 3625 occipias
1243 3577 1289 3612 mc.

264 3630 288 3675 Si
300 3629 446 3688 respondeat
456 3644 462 3676 :
474 3633 559 3692 occipio
564 3663 573 3689 ,
582 3632 742 3692 convalescit,
753 3628 1176 3693 inquiunt,matrimoniumseods,
1185 3629 1291 3681 sisoldtn

264 3697 348 3744 dicat:
359 3699 495 3757 acciperem.

294 3765 377 3811 ttlodus
386 3765 427 3812 hie
441 3766 586 3815 difficultate
597 3779 649 3816 non
661 3768 743 3832 earet,
754 3770 901 3817 necvellcm
912 3770 1099 3819 cunradhihere
1107 3770 1155 3819 nisi
1167 3772 1288 3830 consulto,

263 3834 285 3881 si
296 3828 425 3895 possibile,
435 3836 567 3896 Episcopo,
577 3833 714 3895 praesertim
724 3837 745 3884 si
761 3841 818 3898 pars
828 3839 913 3886 nescia
922 3851 996 3900 sagax
1007 3840 1047 3887 sit.

294 3903 377 3952 Atium
388 3903 430 3954 atii
441 3904 531 3953 docent
549 3905 702 3966 aptissimum
713 3907 802 3968 sipara
820 3907 904 3957 nescia
924 3907 1019 3956 nonsit
1036 3920 1119 3971 sagax.
1137 3909 1177 3957 Sic
1190 3921 1195 3968 ;
1206 3904 1292 3956 tcon-
