2926 4680
482 365 485 374 Α
519 349 811 406 mnrnrnonrr.
1109 335 1176 425 4η

153 473 155 478 ·
186 435 401 536 Νοιιὶῑιιίιηι
418 437 611 508 :Difficilius
632 438 826 533 dispensatur
839 439 873 506 in
890 441 1069 530 cognatione
1084 441 1185 536 spiri·
1276 525 1284 538 .

145 537 225 607 tuali
237 541 332 631 quam
345 535 379 604 in
403 534 538 620 carnali,
551 535 705 630 praecipui
718 551 752 606 ut
768 532 882 604 filiolus
896 536 1062 604 matrinam
1075 537 1197 606 ducatr‘

176 704 217 771 (o)
227 705 385 755 communior
403 705 504 754 videtur
519 705 602 764 opinio
619 704 745 764 patrinum
763 705 789 753 et
799 705 929 753 matrinam
944 705 1046 754 infantis
1061 705 1143 764 domi,
1154 703 1182 756 in

143 789 204 826 casu
214 777 372 824 necessitatis
381 773 438 836 (qui
449 775 508 822 tunc
519 775 643 822 inutiliter
650 773 831 834 admittuntur)
843 789 892 823 non
903 776 1046 823 solemniter
1053 775 1180 834 baptizati,

141 845 355 905 impedimentum
373 855 423 895 uon
440 845 600 903 conmanere,
615 845 641 891 ni
658 843 739 892 torsan
757 844 871 904 requisiti
882 845 945 904 sint,
965 845 1047 904 inquit
1057 845 1083 892 Ρ.
1095 839 1181 892 nott

143 911 251 961 Goritii.

148 1007 153 1014 -
168 975 227 1030 'ltec
237 983 385 1032 contrabant
392 991 450 1042 eam
461 980 573 1040 patrinus
583 981 609 1028 et
619 981 726 1028 matrina
733 975 794 1030 ditm
802 977 880 1028 solium
886 981 1031 1040 supplentur
1037 980 1063 1026 in
1071 980 1182 1028 Ecclesii

146 1052 302 1099 ceremonia.
315 1052 361 1099 Sed
373 1051 393 1097 si
404 1050 448 1096 sub
460 1050 601 1097 conditione
619 1045 710 1096 iterdm
721 1049 858 1108 baptizetur
868 1049 962 1108 inians,
973 1049 1184 1104 dubiumestim·

146 1119 316 1180 pedimentum
322 1153 330 1178 ‚
343 1133 370 1170 ae
381 1115 483 1179 proinde
494 1118 600 1177 peteuda
612 1117 675 1166 ioret
683 1118 847 1178 dispensatio,
857 1131 915 1166 casu
931 1118 1071 1166 eveniente.

176 1188 226 1236 Neo
237 1185 303 1235 certb
312 1187 517 1247 impedimentum
526 1187 674 1243 contrahunt
681 1188 724 1246 qui
733 1199 766 1234 ex
775 1199 857 1234 errore
864 1188 957 1245 prolem
966 1186 1182 1246 suscipiuntilltus

145 1267 202 1303 cnm
213 1270 261 1316 quo
272 1256 477 1316 impedimentum
489 1255 635 1303 conuehere
647 1255 748 1312 nolunt,
759 1255 808 1302 nist
819 1256 899 1303 velint
908 1256 1033 1314 suscipere
1044 1255 1179 1314 tutantem,

121 1325 279 1391 ‚cujuslibet
296 1327 337 1372 sit.
373 1342 375 1350 ¹

175 1396 224 1443 Nec
235 1389 386 1456 probabilius
398 1393 461 1440 illud
469 1393 593 1440 tenuabit
600 1391 742 1452 procurator
747 1393 914 1452 suscipientis,
922 1392 966 1440 sed
972 1391 1025 1453 ipse
1034 1392 1179 1450 suscipiens.

175 1459 251 1514 Valde
263 1457 394 1510 admoddm
413 1461 518 1508 dubium
529 1461 627 1509 videtur
643 1473 674 1508 au
695 1462 836 1520 requiratur
852 1463 878 1508 in
895 1460 1086 1521 suscipientibus
1100 1462 1196 1510 tactus
1235 1521 1239 1529 ⁸

143 1533 276 1592 physicus,
287 1533 315 1579 ut
334 1529 540 1590 impedimentum
559 1531 713 1577 contrabant.
725 1531 843 1578 ductores
853 1530 990 1590 gravissimi
1007 1530 1143 1588 affirmant,
1153 1530 1180 1579 at

144 1601 215 1650 aiunt
225 1603 260 1649 sie
270 1600 441 1649 declarasses.
454 1599 668 1666 congregationem,
675 1600 781 1658 concilii,
791 1600 861 1648 Trid.
870 1593 1041 1658 interpretem,
1051 1594 1111 1647 edm
1122 1595 1180 1660 ergb

144 1670 256 1728 patrinus
267 1670 404 1716 matrinam
423 1669 573 1729 baptizatum
585 1680 632 1715 nec
643 1668 780 1728 levassent,
791 1681 837 1716 nec
849 1664 951 1729 physice
962 1665 1101 1727 tetigissent
1112 1665 1179 1731 (nou

145 1734 234 1785 obsunt
254 1735 539 1798 vestimentatpetenda
558 1737 621 1785 toret
640 1738 724 1785 tamen
742 1738 900 1798 dispensatio.
917 1733 1037 1786 Caeterum
1055 1738 1135 1786 nctus
1153 1736 1179 1786 et
1247 1783 1255 1802 ‚

144 1803 308 1855 levatio'tiunt
316 1799 427 1863 tempore
438 1805 525 1851 morali
539 1817 587 1864 quo
597 1806 677 1854 inians
688 1806 801 1864 tingiturss
849 1865 850 1868 Ἴ
1008 1803 1015 1810 ’
1067 1837 1070 1842 -

176 1874 237 1920 Nota
249 1885 255 1916 r
267 1873 304 1918 Ex
313 1871 457 1918 Tridentino
473 1872 627 1920 concluditur
637 1873 844 1932 impedimentum
854 1885 903 1921 non
914 1873 1059 1922 contrahere
1069 1873 1179 1933 patrinos

147 1940 174 1988 et
183 1940 313 1999 matrinas,
330 1950 380 1985 non
397 1938 540 1996 advocatos,
551 1949 597 1986 nec
616 1939 754 1997 designatos
765 1936 945 2000 aparentibus,
957 1942 982 1986 ni
992 1937 1006 1988 ia
1016 1943 1122 2001 parocho
1132 1954 1178 2000 pro

147 2009 269 2069 ipsissint
285 2004 411 2066 advocatu
428 2018 475 2054 nec
492 2006 535 2067 qui
552 2001 727 2067 sperantibus
744 2008 877 2069 designati,
888 2007 902 2056 b
913 2007 1079 2068 paroobon‘on
1089 2008 1179 2057 adutt-

147 2078 269 2128 tarentin.
1147 2109 1169 2129 »

179 2143 214 2208 (b)
224 2145 264 2193 Sic
274 2143 400 2206 disputant
410 2155 442 2191 au
459 2143 597 2202 suscipiens
607 2144 800 2192 couirmandum
810 2145 900 2194 debeat
915 2157 968 2194 esse
980 2145 1135 2200 conmmatus
1149 2147 1178 2194 ut

147 2215 276 2263 contradat
284 2213 434 2273 cognationis
443 2212 659 2276 impedimentum.
1264 2263 1269 2277 x

178 2281 212 2347 (o)
228 2284 290 2345 vel,
304 2275 375 2342 tura
392 2283 493 2346 plures,
509 2283 531 2331 si
548 2281 644 2342 irruet
663 2295 733 2333 suam
748 2297 802 2334 esse
820 2284 929 2347 prolem,
945 2285 989 2350 apt
1003 2285 1137 2336 Ecclesiam
1151 2283 1178 2334 id

622 2459 639 2527 s
653 2463 705 2513 ιιι.

405 2599 443 2646 lte
461 2598 639 2658 impedimento
659 2598 809 2659 cognationis
823 2600 916 2660 legalis.

190 2735 263 2798 838.
274 2729 379 2796 Vsum
390 2728 458 2798 haec
469 2732 611 2821 cognatio
627 2757 664 2799 ex
678 2731 844 2826 adoptione
858 2731 1011 2828 perfecti,
1023 2731 1057 2799 id
1071 2747 1127 2812 est,
1139 2756 1176 2800 en

148 2826 312 2921 adoptione
328 2853 383 2920 per
403 2853 497 2920 quam
514 2827 677 2922 adoptatus
697 2816 869 2897 traducitur
889 2828 922 2898 in
943 2845 1126 2923 potestatem
1146 2843 1177 2898 et

147 2923 300 2994 familiam
314 2925 499 3006 adoptantis,
512 2940 546 2992 nt
556 2927 704 2995 naturalis
717 2929 782 3018 ejus
793 2925 874 2994 filius
883 2928 948 3014 (a).

188 3022 321 3090 Dirimit
331 3038 432 3090 autern
447 3022 678 3091 matrimonium
1223 3101 1226 3106 .

193 3123 223 3184 1⁰
244 3118 327 3184 lnter
352 3143 517 3210 personam
535 3121 733 3213 adoptantem
754 3135 785 3188 et
807 3142 975 3212 personam
998 3117 1176 3211 adoptatam

150 3213 275 3303 ejusque
291 3228 429 3303 posteros
441 3214 499 3296 (b).
1032 3297 1033 3304 ἵ
1264 3201 1270 3217 ’

193 3312 224 3372 2⁹
242 3307 326 3373 luter
342 3307 463 3400 prolem
476 3305 649 3395 legitimam
662 3309 838 3403 adoptantis
854 3325 886 3400 et
899 3332 1064 3403 personam
1077 3304 1177 3401 adop-

148 3415 256 3469 utam.
991 3427 993 3436 ’

191 3501 225 3564 3⁰
236 3495 323 3567 {nter
339 3496 537 3589 adoptantem
561 3512 591 3564 ct
610 3500 773 3589 conjugem
789 3523 930 3594 personae
951 3499 1103 3593 adoptatae
1116 3497 1173 3582 (c).

191 3597 227 3672 [β
240 3589 324 3657 Inter
338 3616 501 3684 personam
514 3593 691 3686 adoptatam
707 3611 737 3663 ct
757 3599 919 3688 conjugem
931 3594 1102 3687 adoptantis
1111 3593 1174 3681 (d).

152 3731 155 3736 ι
189 3685 276 3756 Nota
289 3717 296 3752 ι
310 3684 586 3780 Impedimcntum,
604 3695 754 3781 quatends
768 3691 852 3759 intes
860 3683 1037 3784 adoptivum
1050 3706 1080 3758 ct
1095 3687 1175 3756 filios

148 3781 266 3861 filiasve
281 3783 474 3876 adoptantis,
491 3800 589 3852 cessat
606 3788 730 3877 quandd
744 3813 875 3882 persona
893 3785 1038 3881 adoptata
1051 3811 1113 3855 non
1129 3798 1175 3854 est

148 3877 323 3973 amplidsin
335 3893 490 3975 potestate·
500 3877 687 3975 adoptantis.
809 3879 813 3888 “
1160 3910 1162 3914 ’
1188 3876 1204 3904 ”
