2964 4674
500 367 516 392 .
571 341 806 412 unctioni.
859 361 861 364 ·
1138 327 1205 426 ¹73

219 426 341 524 Quarto
348 429 418 500 ioco
429 419 705 526 aiiicooperatores
714 431 839 528 positivi
850 459 936 529 aeque
944 431 1134 522 immediate
1147 434 1205 509 etsi

176 525 230 598 olii
247 529 317 598 aliis
338 527 400 597 sint
410 541 550 621 tempore
561 529 693 621 priores,
714 529 788 622 quia
807 556 886 599 unus
908 557 971 600 non
991 533 1087 601 servit
1100 535 1202 617 alteri,

176 627 232 697 sed
241 624 345 694 soibm
357 621 536 718 principali,
547 622 594 690 ilii
606 627 716 720 nempe
729 624 907 720 praestando
918 627 1205 712 auxilium‚·instru·

175 738 290 804 menta,
308 735 367 790 etc.
469 736 471 739 ’
607 785 608 788 ,
861 781 864 786 .
921 787 925 790 .

187 879 191 882 .
216 818 284 887 Sed
298 816 326 884 si
348 839 442 898 unus,
464 813 521 884 etsi
534 817 622 908 aequt
636 809 843 899 ‘immediate
863 813 967 886 minus
983 809 1202 903 inmeritae

173 913 278 982 minus
291 926 423 1000 tenetur.
606 935 626 946 ··

1306 221 1313 252 t

213 1007 259 1078 Et
285 1021 385 1101 potest
408 1002 476 1072 fieri
489 1017 524 1071 ut
537 1002 715 1092 eonsulcnsl,
734 1005 938 1100 participans,
953 1023 1033 1092 etc,
1055 1009 1096 1076 sit
1109 1009 1202 1100 simui
1281 995 1285 1000 ¹
1341 991 1351 1008 ⁹

174 1118 328 1184 executor,
345 1114 386 1182 et,
397 1115 432 1168 ut
443 1114 598 1179 executor,
614 1102 685 1167 ante
697 1099 775 1167 alios
788 1115 939 1184 teneatur,
951 1129 982 1170 v.
996 1128 1061 1194 gr„
1072 1105 1203 1174 advoca·
1284 1170 1290 1180 ,
1331 1127 1338 1136 ·

162 1214 222 1278 sus
233 1196 286 1292 qui
300 1193 496 1291 postulatum
515 1193 679 1260 consilium
692 1193 801 1262 datum
817 1193 939 1278 clienti,
952 1197 1012 1292 ipsi
1029 1197 1154 1294 insuper
1166 1200 1201 1268 in

163 1283 684 1386 iiujustdcausdpotrociuatur.l⁴ist
697 1288 1198 1380 enimnomineclieutisexecutor.
1280 1316 1285 1329 ‘
1343 1333 1347 1340 ·

162 1369 169 1474 i
213 1387 332 1478 Quinto
344 1385 414 1453 ioco
433 1402 463 1454 et
477 1384 762 1492 aequ'cirnmediate
784 1389 1200 1480 cooperatorcsnegativi(c)

169 1481 326 1553 ordinarit
336 1480 502 1575 loquendo;
515 1478 577 1546 nisr
590 1479 722 1574 positivi
734 1479 890 1573 cooperati
905 1482 978 1564 sint,
990 1478 1200 1554 damnificato-
1257 1507 1259 1514 ’

170 1601 231 1661 res,
242 1605 275 1647 v.
289 1602 354 1670 gn,
367 1570 417 1645 vei
427 1575 523 1654 iures,
533 1573 655 1642 silentio
669 1591 720 1642 aut
734 1575 922 1666 negligentiis
936 1578 1106 1670 praeteritai,
1121 1581 1199 1667 red-

168 1672 271 1742 dendo
281 1673 474 1741 audaciores.
487 1671 581 1738 Tunc
595 1670 676 1741 enim
691 1687 802 1763 quarto
810 1670 879 1738 loco
892 1688 1077 1742 teneronurr.
1140 1743 1148 1749 „

210 1767 299 1858 Quin
314 1766 375 1844 soii
394 1781 610 1860 cooperatores
628 1765 765 1857 negativi
781 1767 879 1846 teneri
892 1785 1031 1861 possunt,
1047 1767 1075 1836 si
1085 1770 1198 1864 nempe

64 1923 68 1936 ,
84 1881 86 1894 ·
169 1862 295 1931 illenim
307 1863 427 1931 incurii
435 1863 558 1930 illatum
575 1862 616 1931 sit
629 1862 711 1930 boni
726 1862 787 1932 fide
805 1863 953 1931 damnum
963 1864 1047 1956 quod
1062 1865 1197 1934 infereu-

169 1955 254 2026 tibus
263 1981 326 2024 nou
334 1957 533 2050 profuerit·
569 1991 572 2000 ¹
602 1971 606 1976 “
656 2009 658 2014 ,
721 1997 722 2004 ι
1058 1979 1061 1986 ’

200 2127 238 2194 (a)
248 2129 445 2190 Specificantalil
452 2141 534 2178 usum
539 2129 652 2200 palponis
658 2124 702 2194 qui
707 2124 831 2178 atrocibus
842 2127 961 2177 conviciis
972 2129 1049 2196 allum
1059 2129 1129 2190 quau
1139 2141 1195 2178 coe—
1217 2127 1219 2132 ’

169 2200 206 2260 git
216 2199 248 2246 ad
258 2199 414 2258 iniustitiam.
758 2213 762 2220 ·
832 2209 834 2214 ·
872 2219 875 2229 ·
1106 2217 1117 2232 υ

197 2269 258 2317 Nota
271 2281 279 2314 c
290 2269 392 2315 Possunt
403 2277 458 2314 esso
476 2265 525 2316 duo
534 2265 679 2314 mandantes
690 2264 843 2315 subordinati
855 2279 862 2312 s
874 2267 903 2314 ut
911 2268 931 2315 si
939 2267 1053 2327 superior
1063 2277 1195 2328 supernus

167 2336 268 2385 mandet
275 2334 387 2384 interiori
398 2348 442 2384 suo
452 2333 596 2383 immediato
607 2335 696 2394 utipse
708 2334 755 2381 sibi
767 2334 858 2382 infimis
867 2334 954 2393 jubeat
961 2335 1120 2400 iniustitiam.
1126 2336 1194 2382 Tunc

166 2417 296 2467 supremus
303 2405 422 2464 mandens
432 2401 490 2456 ante
501 2403 658 2451 mandantem
670 2403 814 2452 interiorem
825 2405 934 2451 tenetur.

183 2475 233 2538 ,(ῠ)
244 2477 280 2524 De
292 2475 426 2524 executore
441 2476 485 2536 qui
497 2475 643 2522 auctoritate
653 2475 678 2521 et
686 2475 936 2535 nomine-mandantis
947 2471 1006 2532 agit,
1018 2473 1194 2534 dubitant-qui·

154 2543 222 2594 ‘nm
232 2557 264 2592 au
274 2540 331 2593 antis
342 2545 404 2592 allos
415 2543 586 2604 cooperatores
593 2543 717 2592 tencatur.
730 2544 776 2590 Sed
792 2537 942 2603 probabilior
953 2545 979 2590 et
989 2544 1141 2590 comrnmrior
1152 2543 1192 2591 est

165 2614 249 2675 opinio
257 2613 390 2672 affirmans,
401 2612 460 2672 quia
468 2611 582 2672 quamuis
590 2611 680 2666 habent
687 2608 744 2660 ants
754 2625 779 2659 se
787 2613 950 2672 principalem
968 2613 993 2659 ln
1009 2613 1081 2671 iacto,
1101 2609 1192 2672 nempe

164 2683 339 2743 undantem,
357 2681 411 2741 ipse
426 2681 569 2742 principalis
585 2681 624 2729 est
642 2676 700 2730 aute,
710 2682 773 2730 alios
783 2713 791 2739 ,
803 2677 861 2729 ante
880 2683 1058 2740 consulentem,
1077 2682 1135 2739 elo,
1147 2679 1192 2732 isti

165 2745 284 2810 mediate,
295 2751 339 2798 ille
350 2746 494 2798 immediate
506 2750 659 2810 cooperatur.

195 2816 230 2884 (c)
242 2815 378 2880 Aliquando
388 2819 473 2866 tamen
483 2819 551 2878 ordo,
562 2819 589 2867 in
600 2818 746 2878 obligatione
757 2811 910 2881 impediendi
921 2849 929 2878 ‚
944 2817 976 2864 ob
995 2816 1192 2864 circumstantias

161 2890 324 2952 panicularea
335 2887 489 2939 immutatur.
501 2889 569 2936 Tunc
577 2885 634 2947 ergo
643 2887 702 2934 ordo
710 2887 737 2934 iu
747 2887 896 2946 obligatione
908 2882 1192 2934 restituendlintertcu·

163 2971 202 3008 sas
211 2959 339 3020 negativas
349 2955 476 3004 immutari
487 2955 570 3003 debet.
580 2957 620 3004 Sic
632 2956 713 3004 custos
721 2953 835 3014 specialis
843 2955 973 3004 restituere
990 2949 1064 3002 debet
1071 2951 1129 3002 ante
1147 2967 1192 3015 ge-

162 3029 272 3078 nentem
283 3027 409 3075 custodem
425 3026 499 3084 ocutis
511 3024 623 3078 cilicium
637 3024 676 3084 est
698 3023 829 3084 invigilare
839 3024 869 3079 ut
879 3023 992 3072 custodes
1006 3021 1125 3081 speciales
1145 3032 1191 3067 suo

165 3107 269 3145 munere
278 3095 427 3156 iungantur„
937 3112 941 3116 -

192 3165 223 3212 Et
231 3162 439 3224 quiden'voluut,
448 3160 531 3222 inquit
539 3163 568 3212 Ρ.
587 3161 644 3210 int.
655 3156 780 3220 iGoritit,
791 3161 889 3210 mutum
900 3156 926 3208 e't
934 3163 984 3207 rlon
1003 3157 1144 3206 obstantem
1150 3156 1190 3210 te-

163 3229 285 3283 penante
297 3244 346 3280 non
359 3230 569 3278 manilestantem.
584 3231 633 3278 Sed
652 3231 801 3290 generaliter
815 3231 928 3278 auctores
948 3239 997 3276 non
1010 3225 1106 3292 iaciunt
1121 3225 1190 3272 inter

164 3310 207 3358 eos
216 3299 388 3358 differentium,
399 3311 455 3358 quae
462 3295 584 3348 essetiert
594 3296 695 3347 aliunde
705 3298 812 3359 inutilis,
823 3296 880 3348 curu
892 3291 1015 3346 ordinarit
1024 3293 1123 3353 mutus,
1135 3301 1186 3340 uon
1209 3315 1212 3320 ,

165 3367 267 3418 obstans
275 3367 302 3420 ot
315 3379 366 3418 rou
374 3366 629 3420 umilostcusoadem
637 3367 791 3434 sitporooue.
1105 3379 1106 3386 ¹
