2926 4680
253 267 325 345 aur
584 291 637 344 ur
659 289 952 350 sncutuenro
967 334 991 350 „

292 374 439 450 Membro
448 376 614 456 mutilatus
628 375 663 448 in
674 391 765 544 farte
777 375 973 472 inungendus.
984 375 1180 470 proximiori.

290 471 337 543 Et
345 475 417 544 ciun
425 471 601 543 membrum
610 473 675 566 dup
688 469 1283 563 exinmgiiurpttendenduuuetorna

248 567 437 651 absolvatur,
453 568 602 636 alterutro
614 569 753 642 nondum
766 568 903 644 inuncta
1052 643 1055 648 ,
1262 643 1270 652 ,

256 739 262 747 ,
291 663 328 732 Si
334 662 368 731 in
377 663 509 732 decursu
516 663 696 731 unctionum
703 662 854 731 moriatur
861 663 1013 747 infirmus,
1025 661 1207 732 cessandum
1219 665 1279 752 (d);

249 758 326 844 etin
340 757 453 840 dubio,
468 760 528 827 sub
543 759 719 829 conditione
736 788 744 828 ι
764 760 797 826 si
806 769 841 830 iu
853 781 888 828 rr
903 759 1008 840 orbus,
1021 757 1277 832 'condonandum

289 854 327 924 Si
340 857 416 926 verb
438 870 613 927 moreretur
631 854 700 950 ipse
720 853 900 933 ministram
922 869 977 928 aut
993 854 1173 928 mutinum
1190 854 1280 928 aliter

246 951 464 1044 impediretur,
479 951 557 1018 alter
571 953 729 1034 sacerdos,
744 952 772 1019 si
786 951 896 1022 haberi
909 955 1025 1054 posset,
1039 949 1249 1021 continuaret.=

287 1045 375 1116 Nota
392 1053 423 1118 1⁰
447 1047 530 1117 cun
545 1045 800 1122 extrema-unctio
813 1047 911 1147 possit
926 1073 1001 1122 erse·
1015 1045 1208 1142 adsalutem
1221 1071 1280 1148 per

243 1143 389 1214 accidens
401 1143 576 1213 neeesmria
586 1141 769 1214 necessitate
778 1143 887 1227 medii,
901 1169 959 1212 nee
973 1142 1099 1212 omuinb
1109 1141 1277 1219 mutuari

244 1239 383 1310 valorem
398 1238 602 1334 ejusrequiri
625 1238 728 1309 oleum
751 1240 793 1309 ad
804 1239 866 1313 hoe
880 1254 1108 1324 consecratum,
1132 1264 1190 1308 nee
1204 1238 1278 1306 sim·

243 1330 367 1430 pliciter
392 1352 621 1418 comecratum,
645 1334 710 1406 imit
733 1361 792 1406 nec
815 1334 919 1410 oleum
941 1333 1046 1420 olive,
1069 1358 1274 1428 precatuum

243 1430 399 1523 exigentia
409 1430 478 1498 oleo
489 1455 548 1524 pro
559 1429 691 1498 materii
703 1429 801 1498 dubio
813 1445 975 1500 uterentur
986 1431 1044 1516 (c).

289 1533 321 1594 2⁰
332 1526 369 1596 si
380 1527 588 1622 praevideatur
602 1524 662 1594 olei
670 1525 875 1622 quantitatem
883 1551 953 1624 quaa
967 1525 1099 1596 babetur
1110 1525 1150 1593 ad
1161 1547 1274 1594 annrun

242 1647 305 1690 non
319 1622 511 1703 duraturam,
531 1619 617 1688 aliud
633 1647 669 1688 ex
686 1621 777 1690 olivis
789 1647 853 1689 non
873 1637 1087 1690 consecratum
1105 1619 1275 1702 immisceri

241 1733 359 1814 potest,
375 1716 486 1784 saitem
500 1716 532 1783 in
544 1715 659 1784 minori
672 1717 842 1810 quantitate
852 1717 920 1802 (d).-
953 1741 974 1756 ··
1052 1755 1056 1762 .

283 1812 354 1882 Ncc
368 1813 457 1882 obest
466 1812 555 1906 -qutd
570 1809 626 1880 sic·
639 1811 758 1906 pluries
781 1813 847 1903 jan
867 1813 958 1886 tacta
971 1812 1033 1884 sint
1052 1806 1273 1888 immixtiones.

240 1905 329 1981 Nam
343 1936 380 1978 ex
391 1911 504 1978 naturis
518 1907 564 1976 rei
576 1923 677 1976 totum
686 1909 871 1978 antecedens
884 1923 1097 1980 consecratum
1112 1922 1190 1978 crat.

284 2011 318 2074 3⁰
331 2005 495 2096 Religiosb
506 2029 560 2096 vas
572 2003 634 2073 olei
645 2005 894 2088 custodiendum,
909 2007 1138 2108 separatimque
1148 2003 1188 2074 ab
1200 2001 1273 2072 alio

149 2147 151 2152 ν
242 2125 313 2170 rum
328 2125 488 2192 sacrorum
503 2098 644 2191 oleorum
657 2099 784 2170 vasibus
796 2101 854 2186 (e).
953 2105 957 2110 ’

199 2325 204 2334 ³
272 2269 309 2335 (a)
319 2272 371 2318 iton
384 2271 459 2331 pauci
470 2283 527 2318 cum
537 2272 567 2318 i).
577 2269 685 2330 rhemi,
697 2270 728 2318 ad
737 2271 891 2326 validitatem
901 2237 1149 2333 requirentquiuque
1158 2280 1274 2321 sensnum

240 2338 522 2398 unctiones3sedmu1tir
531 2339 683 2400 probabilior
691 2341 791 2390 videtur
798 2341 920 2391 sententia
930 2341 1061 2400 contraria,
1068 2341 1126 2406 quia
1135 2341 1275 2388 D.iacoirus

240 2409 301 2457 dicit
312 2407 474 2468 siinpiicitor:
488 2409 601 2468 Unpentcs
610 2423 671 2456 rum.
679 2409 773 2456 Saltem
779 2410 887 2470 quinque
898 2421 1016 2462 sensuum
1024 2409 1152 2457 unctiones
1159 2408 1274 2456 sutdcero

160 2499 167 2514 ·
239 2477 357 2526 videntur
367 2476 398 2523 ad
408 2476 576 2535 mitridatem,
594 2489 639 2524 uec
651 2479 831 2542 cmnmuenter
846 2479 986 2526 necessaria
1003 2477 1124 2539 pectoris,
1135 2489 1236 2534 renum,
1245 2478 1273 2525 et

239 2549 333 2615 pedum
351 2545 436 2594 unctio
449 2559 455 2592 ι
468 2547 555 2605 pectus
570 2547 637 2606 enirn
652 2560 701 2596 nen
714 2549 751 2596 ost
766 2560 867 2608 mmet,
879 2551 905 2596 et
914 2560 1000 2598 senem
1015 2544 1093 2596 tactis
1102 2556 1273 2606 permauuum

240 2619 384 2678 unctionem
395 2615 484 2662 unctus
497 2618 533 2664 ost
543 2616 634 2678 absque
646 2630 675 2664 eo
684 2613 750 2678 qubd
760 2619 899 2676 tinguantur
908 2617 992 2677 podes.
1009 2617 1048 2665 Sic
1059 2615 1165 2664 fatentur
1173 2625 1272 2675 omues,

240 2701 287 2735 nec
302 2688 386 2735 tanton
404 2681 470 2732 circii
484 2685 531 2734 iroc
548 2685 695 2734 concordant
714 2686 832 2734 itituaiia.
848 2681 885 2735 itit
903 2685 1052 2739 Benedictus
1065 2686 1119 2734 xiv
1133 2684 1165 2732 de
1181 2681 1274 2746 syuodo

238 2751 394 2812 dimersum,
405 2753 451 2802 iit.
459 2753 485 2812 8,
496 2765 551 2813 cap.
559 2755 584 2802 3.

271 2817 337 2881 imi,
355 2820 386 2868 ad
404 2821 525 2868 licitatur
539 2819 635 2882 sotim,
648 2822 762 2884 ungenda
781 2824 840 2872 suut
858 2823 908 2872 duo
921 2823 1033 2884 eiutdtttr
1045 2819 1134 2880 rentii
1151 2821 1272 2884 membre.

241 2896 271 2942 Ρ.
282 2891 378 2940 Gabriel
392 2890 450 2938 Arri.
465 2891 540 2939 Deua.
948 2895 950 2902 '

270 2961 320 3008 Nec
330 2958 361 3006 ad
371 2957 526 3008 validitatem
540 2960 694 3010 necessarius
704 2960 770 3018 uiius
782 2960 848 3011 inter
861 2959 991 3010 unctiones
1001 2960 1070 3009 ordo.

269 3029 391 3088 'tempore
398 3027 565 3088 rennuente,
576 3029 814 3088 possuntunctioues
823 3030 933 3091 quinque
944 3027 1115 3091 temperatiori
1125 3024 1274 3078 brevissimo

239 3098 354 3158 uerenda
363 3109 439 3148 unam
448 3109 549 3156 aurem,
565 3109 644 3150 unum
654 3099 768 3157 oculum,
779 3111 866 3160 nares,
881 3109 908 3148 os
919 3100 945 3148 et
954 3112 1028 3149 unam
1045 3109 1145 3146 manum
1156 3096 1165 3158 i
1175 3096 1217 3144 vel
1232 3097 1275 3143 iu-

239 3169 295 3229 quit
304 3168 421 3226 liiiiuart,
433 3168 613 3227 uraxiiiampro
623 3179 696 3216 sensu
706 3165 799 3226 taetris,
811 3167 870 3228 quia
883 3181 970 3217 sensus
979 3169 1020 3216 iric
1036 3179 1081 3228 per
1091 3165 1171 3215 totum
1183 3177 1274 3224 corpus

240 3237 343 3286 ditiusus
353 3236 408 3300 est)
419 3237 495 3298 idque
514 3238 560 3286 sub
570 3235 644 3284 unici
654 3235 733 3286 iornti
743 3249 828 3286 enarres
847 3250 933 3286 sensus
945 3234 1088 3297 singulatim
1099 3235 1272 3295 exprimente,

239 3307 300 3354 ditm
313 3307 481 3366 unusquisque
490 3307 601 3366 ungitur.
610 3306 719 3354 Dubium
733 3307 800 3353 euim
819 3305 883 3354 iuret
893 3307 1091 3364 sacramentum,
1103 3304 1123 3351 si
1134 3315 1183 3350 uon
1191 3300 1272 3348 nemi-

239 3377 358 3427 uereutur
367 3375 458 3435 singuti
468 3387 569 3438 nesus,
577 3375 643 3426 sicut
652 3375 680 3432 iu
689 3375 812 3442 baptismo
821 3374 976 3430 nemnem
985 3376 1044 3428 sunt
1054 3373 1157 3444 empulae
1166 3370 1208 3418 ss·
1218 3369 1272 3416 'tri-

239 3443 326 3492 nitatis
341 3455 461 3502 personae.
474 3444 553 3492 Varii.

270 3509 306 3574 (i)
317 3511 345 3558 in
355 3510 456 3558 dioecesi
468 3508 595 3558 bisuntini
613 3511 781 3574 prescribitur
791 3511 861 3572 ut,si
871 3512 990 3561 timeatur
997 3524 1029 3560 ne
1038 3511 1064 3559 in
1073 3509 1218 3564 unctionum
1227 3506 1273 3554 do·

238 3592 314 3630 cursu
322 3577 444 3634 ¹moriatur
454 3591 531 3641 aeger,
540 3581 625 3630 statim
635 3583 895 3641 iiatunctiogeneraiis
903 3581 1053 3642 inperteret
1063 3584 1112 3630 Per
1121 3581 1191 3630 irioni
1205 3589 1274 3630 rouo

239 3652 318 3698 tem...
328 3649 437 3710 quidquid
446 3650 561 3710 deliquisti
568 3665 610 3712 per
620 3664 699 3700 omnes
709 3663 797 3700 untes
809 3651 888 3710 Dein,
899 3650 1028 3711 sitcmpus
1038 3649 1195 3712 permiserit,
1204 3644 1272 3694 ordi·

235 3719 315 3771 uariae
334 3717 398 3772 dunt
417 3718 547 3768 arodenes
557 3719 584 3768 in
598 3720 710 3780 quolibet
723 3732 812 3780 sensu,
825 3719 872 3770 sub
886 3719 1028 3775 conditione
1044 3718 1145 3785 quidem
1157 3727 1165 3761 r
1175 3716 1238 3764 risio
1248 3728 1273 3762 er

238 3789 320 3846 uvat,
331 3788 357 3834 in
378 3799 435 3834 casu
447 3787 472 3835 iu
483 3801 532 3849 quo
542 3787 573 3837 de
583 3785 634 3835 riti
646 3785 808 3836 dubitaretur.

270 3855 345 3908 itata:
358 3856 448 3905 Votuut
459 3857 560 3918 quidam
569 3854 635 3917 quid
646 3856 666 3902 si
677 3852 790 3905 sacerdos
801 3857 848 3905 sibi
860 3860 980 3919 proponat
991 3867 1076 3909 omnes
1084 3853 1166 3902 iacere
1175 3850 1274 3900 anrite-
1363 3897 1369 3906 .
