2964 4674
174 319 178 327 ·
233 299 308 392 rte
389 319 442 374 or
465 316 699 391 Qururorr
718 317 860 371 srxro
879 313 1114 375 ermenero

230 412 303 476 cum
316 406 489 476 tenendum
499 403 579 474 illud
593 403 686 474 ducat
695 401 815 495 gratia,
829 401 1047 472 ctsecundum.
1056 398 1136 469 illud
1146 397 1265 468 confes·

229 503 331 578 sarius
354 501 558 596 poenitentem
580 501 675 576 debet
701 497 857 591 dirigere,
881 497 978 590 igitur
1005 495 1264 590 etemperamcnti

229 625 266 666 ac
280 598 397 690 irrgeoii
409 594 531 694 species
544 596 585 672 ad
600 611 732 690 quattuor
748 595 889 662 revocari
902 608 1052 688 possunt,
1081 590 1122 660 ad
1139 589 1263 658 melauss

229 691 384 762 cholicum
395 695 521 786 nempe,
533 716 588 761 sou
600 688 983 783 triste,(me'lunoolique);
1002 686 1195 783 pituitosum',
1209 711 1264 754 seu

228 787 425 856 moderatum
435 786 695 879 (flegnmtique);
717 783 886 867 biliosum,
913 810 967 852 seu
978 807 1121 878 praeceps
1130 781 1164 849 iu
1183 781 1264 850 iram

229 881 408 969 (suamc),
421 898 452 951 et
471 881 596 950 illudio
605 905 668 974 quo
678 879 803 973 sanguis
813 877 932 948 caeteris
941 875 1104 973 praepollet
1126 873 1264 966 humori-

228 976 491 1068 bus(songuin).
1227 1045 1228 1048 ,

236 1072 237 1076 ’
270 1067 805 1142 Melancholicumextaciturnitate
816 1067 973 1162 praecipue
983 1066 1188 1158 dignoscitur.
1196 1065 1264 1156 Qui

228 1163 1264 1266 exlroccorporistemperamentoiugenium(caractere)habent,

227 1263 309 1334 sicut
325 1265 455 1336 difficile
465 1277 640 1344 moventur,
658 1261 704 1331 sic
718 1260 869 1354 susceptis
885 1259 982 1329 semel
996 1259 1170 1343 affectibus,
1183 1260 1265 1349 judi-

228 1359 287 1430 ciis
297 1359 492 1443 temerariis,
511 1373 584 1441 etc,
599 1356 691 1436 odiis,
706 1355 762 1424 irae
775 1355 943 1448 aliquand'o
957 1357 1056 1449 usque
1073 1354 1264 1443 adimerem

227 1455 429 1549 pertinaciter
444 1453 605 1524 adherent
614 1484 626 1532 ·,
635 1453 700 1520 imd
713 1454 935 1544 nonnunqum
955 1451 997 1530 ad
1013 1474 1159 1519 venerem
1179 1449 1264 1517 furi-

228 1550 339 1623 bundi.
373 1549 533 1620 Amicitiae
560 1548 723 1642 incapaces
756 1560 839 1629 sunt,
854 1547 918 1614 ,sul
956 1560 1129 1630 amatores,
1161 1543 1262 1627 avidi,

285 1663 355 1716 rats.

228 1672 355 1810 ingCum
367 1741 482 1811 talibus
502 1742 666 1810 mansuete.
678 1762 800 1832 semper
813 1737 985 1830 agendum;
998 1737 1032 1805 in
1045 1736 1185 1831 ipsorum
1197 1737 1266 1806 ani·

228 1862 317 1906 mum
325 1837 543 1920 insinuandum
554 1860 598 1916 se,
610 1833 819 1929 hortandique
829 1833 953 1904 fortiter
968 1849 1002 1903 ut
1014 1837 1173 1927 uunquam
1183 1834 1266 1926 cogi-

227 1931 398 2004 sationibus
411 1931 552 2002 tristibus
566 1946 766 2027 occupentur.

270 2027 435 2121 Ingenium
450 2055 488 2098 ex
510 2043 756 2123 temperamento
779 2024 940 2122 piuritoso,
963 2049 1089 2118 segnem
1109 2025 1215 2095 reddit
1234 2042 1267 2094 et

158 2125 161 2134 ’
228 2125 401 2207 incertum,
416 2123 553 2192 debilem
568 2124 609 2191 ad
623 2117 862 2218 proponendum
877 2137 907 2190 et
919 2123 1045 2191 tardum
1061 2122 1102 2207 ad
1116 2147 1267 2218 exequen-

229 2220 317 2289 dum.
330 2217 505 2288 Obstacula
518 2216 569 2286 vel
581 2215 712 2286 minima
720 2217 760 2284 ab
771 2213 917 2310 incoeptis
927 2216 1097 2285 deterrent.

271 2310 370 2380 Tales
382 2313 460 2402 ergd
477 2311 632 2380 excitandi
649 2311 715 2379 sine
730 2309 957 2393 amaritudine,
968 2315 1041 2378 rard
1051 2311 1167 2379 motiva
1177 2313 1269 2380 terri-

227 2403 305 2474 bilia
316 2405 531 2500 proponendo,
546 2403 858 2500 necpermitteudum
871 2405 956 2496 qudd
965 2405 1098 2496 negotiis
1112 2405 1269 2489 difficilio-

228 2499 317 2568 ribus
331 2525 365 2573 se
388 2497 552 2590 ingerant,
568 2498 632 2571 uec
641 2497 740 2567 multa
754 2495 800 2581 eis
810 2498 1061 2594 praescribenda;
1077 2516 1108 2568 et
1121 2505 1193 2569 clun
1205 2503 1268 2573 sint

227 2597 340 2688 parum
350 2594 396 2664 ad
409 2593 595 2689 cupiditates
605 2593 772 2690 proclives,
784 2591 813 2662 si
824 2593 957 2679 cadant,
972 2594 1062 2664 firme
1076 2611 1147 2664 suut
1160 2597 1267 2666 admo-

228 2689 332 2780 nendi¹
370 2689 601 2766 reducendiuue
621 2691 664 2762 ab
683 2689 832 2792 opinione
851 2713 946 2782 quam
963 2691 1004 2760 de
1018 2715 1051 2760 se
1066 2689 1182 2763 habent
1195 2693 1279 2787 plus

228 2789 329 2881 eud·
714 2838 716 2851 κ
793 2843 797 2846 -
878 2834 881 2837 ·
1240 2843 1244 2847 -

270 2881 426 2952 Bitiosum
440 2897 720 2977 temperamentum
738 2885 920 2955 foecundum
934 2883 1039 2954 reddit
1059 2885 1217 2958 hominem
1235 2904 1265 2956 et

227 2978 444 3090 vehementem
462 2977 495 3058 iu
512 2979 695 3065 desideriis,
711 2979 892 3076 superbum,
913 2979 1104 3075 pertinacem
1119 2997 1149 3054 et
1160 2983 1264 3054 ambi-

198 3137 199 3140 ,
227 3092 356 3146 uotum·
378 3138 380 3146 ,
663 3121 666 3130 «
819 3110 823 3119 ¹

270 3167 504 3248 Reformandus
513 3173 589 3265 ergit
598 3171 668 3242 talis
678 3173 832 3268 poenitens
840 3171 979 3268 primum
987 3175 1090 3266 quodd
1099 3175 1263 3261 exteriora,
1322 3237 1330 3246 .
1365 3229 1369 3235 -

227 3268 357 3352 modum
368 3272 481 3364 nempe
494 3267 609 3361 agendi
622 3283 834 3363 arrogantem.
849 3268 1126 3356 Praescribendum,
1136 3296 1264 3367 praeser—
1348 3299 1352 3302 ·

227 3368 288 3450 tim
300 3379 336 3432 ut
351 3369 511 3458 nimquam
522 3380 598 3456 *agat
612 3365 662 3434 vel
682 3364 826 3460 loquatur
841 3364 875 3432 in
892 3365 1118 3449 commotione,
1136 3369 1263 3439 medite-

227 3475 340 3552 turque
354 3457 565 3546 humilitatem
576 3515 588 3545 ,
598 3462 865 3546 mansuetudinem
880 3477 910 3529 et
932 3457 1116 3556 passionem*
1128 3463 1258 3532 Christi.

229 3554 342 3650 Fraenp
356 3559 458 3646 magis
470 3554 523 3622 hic
536 3581 618 3652 opus
638 3561 734 3650 quam
750 3556 873 3634 aculem
891 3562 1010 3648 etcum
1029 3558 1107 3627 tales
1127 3558 1160 3624 in
1178 3559 1259 3624 bono

228 3652 308 3721 deut
319 3664 350 3719 et
362 3649 396 3718 in
404 3649 628 3721 malomultdm
636 3653 837 3746 utaliquando
847 3653 960 3722 fortius
972 3655 1124 3748 proficere
1133 3667 1257 3749 queant,

226 3744 305 3817 nulli
316 3746 436 3837 majore
446 3749 521 3816 eura
534 3747 633 3834 digri,
707 3805 708 3812 ,

184 3864 187 3872 ’
243 3893 247 3930 ξ
271 3839 351 3934 Quae
362 3839 487 3922 mudum
501 3869 539 3912 ex
550 3843 737 3916 abundante
746 3843 903 3938 sauguinis
917 3843 1049 3915 formata
1064 3857 1110 3914 est
1123 3840 1255 3943 indoles,
