2926 4680
555 327 871 384 'murmurosus
1171 313 1245 404 top
1296 379 1302 392 .

213 421 349 480 cultatem,
363 409 467 470 dubium
477 419 658 478 superveniens
668 431 699 466 an
712 406 817 480 materia
830 415 882 466 voti
892 415 926 466 sit
936 411 1016 466 adhdc
1032 413 1114 478 utitis,
1125 416 1184 477 eto,
1197 431 1243 480 pro
1336 481 1339 485 Ι

213 490 290 539 dubio
300 502 333 537 an
341 488 406 537 loona
416 489 457 537 vel
467 488 574 536 mala‘sit
583 488 695 536 materia.
706 486 769 534 Vide
783 487 845 545 272,
854 489 879 534 d.

244 559 277 622 te)
286 561 338 606 Non
343 558 443 606 ridetur
449 559 565 618 eum,qui
574 569 719 605 eonsensum
726 554 795 604 dedit
800 556 950 614 absolutum,
958 553 1031 605 illum
1038 567 1154 604 revocare
1161 567 1241 615 posse.

212 629 311 679 vovens
327 627 384 688 erat
398 640 448 676 non
465 628 547 688 potest
561 628 663 674 reddere
674 627 787 674 debitum
798 626 827 674 ad
844 626 990 685 petitionem
1005 626 1135 685 compartis
1145 625 1187 686 qui
1198 637 1247 673 suo

213 700 271 748 voto
289 698 427 756 consensit,
438 698 498 757 quia
517 697 590 750 cessit
608 696 664 754 jure
682 709 738 761 epm
750 697 776 744 et
791 691 943 755 probabitis
956 693 1245 757 videtureumquieon·
1266 703 1271 711 ·

213 765 291 832 sensit
300 778 349 814 nou
362 777 433 826 posse
446 765 551 814 reddere
566 764 754 826 adpetitionem
769 765 896 834 voventis,

609 897 778 986 suerro
799 925 844 982 ιι.
907 971 909 976 .
957 923 961 933 ·

511 1091 548 1139 De
558 1091 744 1152 impedimentis
755 1043 939 1140 dirimentibus.

253 1237 337 1306 Anu
353 1235 503 1305 dirimunt
519 1235 708 1304 annullando
726 1235 845 1304 directe
866 1249 1068 1311 contractmn,
1088 1249 1123 1304 nt
1135 1236 1194 1320 vis,
1210 1252 1243 1305 et

211 1329 275 1400 alia
292 1330 479 1404 annullando
498 1329 592 1399 simul
616 1346 647 1398 et
673 1327 845 1400 inhabilem
867 1330 1027 1400 reddendo
1048 1331 1090 1400 ad
1112 1345 1248 1408 contra-1

210 1424 361 1494 llendum.
1325 1425 1331 1432 ’

251 1517 443 1609 Quindecim
453 1534 665 1600 numerantur,
683 1518 729 1588 sie
743 1521 838 1606 vulgd
853 1552 861 1588 ι

330 1693 417 1750 tirrdr,
429 1691 550 1751 conditio,
561 1692 662 1750 votum,
672 1691 798 1753 cognatio,
809 1695 918 1753 crimen,

331 1758 417 1811 cultris
426 1761 571 1819 disparitas,
581 1761 635 1819 vis,
646 1761 720 1818 ordo,
729 1762 851 1820 ligamen,
862 1761 997 1820 honestas,

293 1867 295 1872 ,
332 1827 436 1886 Aniene,
450 1828 546 1886 attinio,
556 1828 577 1874 st
588 1827 756 1875 clandestinus
767 1831 793 1876 et
808 1829 887 1887 impos
999 1867 1003 1873 .
1104 1855 1108 1876 t

330 1893 500 1944 Simultersit
510 1895 820 1956 repta,toeoncereddita
830 1896 905 1944 tuto..
1079 1959 1083 1968 ,
1115 1907 1118 1914 ’

533 2059 535 2064 “
601 2051 810 2100 distentus
823 2051 843 2097 l.

453 2196 491 2246 De
501 2195 686 2259 impedimentis
697 2197 787 2246 erroris
795 2195 831 2246 ’et
838 2196 994 2246 conditionis.

223 2349 324 2416 833.
340 2343 467 2428 Eaaoa,
482 2345 576 2412 etiam
589 2345 791 2414 vincibilis
764 2349 847 2414 eirea
861 2369 1029 2442 personam
1042 2360 1095 2414 aut
1108 2345 1241 2439 qualita-
1242 2339 1244 2346 ’
1273 2360 1275 2364 ’

209 2457 273 2512 tem
283 2442 317 2510 ln
329 2465 494 2561 personam
504 2441 549 2508 ita
560 2443 784 2511 redundantem
794 2458 828 2510 ut
840 2441 921 2510 hanc
934 2443 1119 2512 determinet
1132 2459 1164 2512 et
1177 2441 1240 2510 die·

208 2537 327 2632 tinguat
340 2542 359 2606 i
373 2537 482 2630 quivis
493 2536 591 2604 alit
558 2562 650 2624 ,Jure
664 2538 818 2616 naturali;

251 2631 345 2699 Circa
359 2636 433 2700 verd
448 2630 629 2740 qualitatem
641 2629 825 2700 conditionis
840 2633 997 2700 servitutis
1011 2633 1117 2699 stricte
1133 2631 1237 2715 dicta,
1308 2691 1328 2720 ·.

208 2729 277 2818 jure
297 2726 504 2796 ecclesiastico
521 2727 754 2796 matrimonium
770 2727 901 2795 dirimit.

250 2809 375 2891 Secds
367 2847 454 2890 error
474 2822 556 2889 circi
574 2822 747 2917 simplicem
767 2821 860 2889 aliam
876 2847 1016 2914 personae
1038 2820 1239 2911 qualitatem,

209 2935 265 2992 etsi
274 2947 310 2988 ex
319 2918 392 2988 dolo
402 2919 528 2988 alterius
539 2945 733 3014 proveniens,
744 2945 805 2988 n1s1
795 2918 1017 3010 qualitashaec
1027 2916 1236 3002 accidentalis,

209 3041 247 3084 ex
256 3011 367 3083 actuali
382 3031 433 3083 aut
450 3014 590 3098 virtuali,
604 3041 667 3083 nou
679 3031 782 3085 autern
795 3013 945 3082 habituali
960 3014 1061 3082 soldm
1075 3030 1126 3080 aut
1138 3013 1239 3084 inter-

207 3111 396 3270 pietative·
383 3110 552 3178 intentione
561 3127 785 3206 ,apponatur,
788 3126 831 3178 ut
853 3109 1034 3206 conditio
1010 3135 1076 3214 sure
1100 3111 1161 3200 qud
1177 3131 1240 3174 non

232 3221 297 3273 eret
306 3221 550 3275 matrimonium
817 3234 820 3240 Δ

249 3299 399 3367 Attamen
409 3301 449 3366 oh
460 3299 541 3368 hunc
552 3326 690 3369 errorem
704 3301 887 3375 reelamans,
899 3325 961 3368 non
975 3299 1143 3367 audiretur.

250 3393 357 3464 Nota.
375 3395 513 3464 Peccant
533 3396 685 3487 graviter,
703 3398 789 3466 etde
809 3397 950 3465 omnibus
966 3394 1237 3466 damnistenentur·

209 3491 274 3583 (piri,
289 3506 324 3558 ut
338 3491 505 3600 quamdam
518 3493 642 3575 ducant,
657 3492 777 3582 fingunt
788 3517 822 3561 se
836 3491 958 3569 divites,
972 3491 1102 3574 nobiles,
1120 3508 1192 3571 etc.;
1206 3504 1236 3558 et

208 3585 282 3753 quid,
293 3603 353 3752 lut
350 3587 450 3686 amico
464 3587 627 3684 puellam
616 3589 790 3673 inveniant,
804 3588 996 3660 mendaciter
1011 3587 1144 3658 exaltant
1163 3613 1236 3658 eum
1289 3608 1295 3614 ·

209 3698 240 3752 et
276 3685 373 3755 desit.
