2974 4678
309 299 355 388 γι
566 319 823 377 orsurus-no
843 326 1079 381 remouere
1251 371 1255 377 .

303 413 538 475 nemcmsuter
558 406 684 494 (rotet.
702 407 872 494 Vide52,
896 428 974 482 sect.
1004 417 1047 498 3,
1062 437 1131 508 cop.
1151 413 1191 496 d,
1219 414 1267 484 tit.
1293 419 1332 498 6,

304 497 361 568 lib.
382 501 485 571 3c0d.
501 500 561 571 civ.
813 535 816 540 ·
1277 529 1297 571 .’

343 593 432 686 Ergb
448 596 562 666 iterum
576 595 603 666 si
618 625 667 668 res
692 600 822 694 perierit
836 627 875 670 cx
894 595 979 669 vitiis
992 603 1053 697 ipsi
1075 603 1250 682 intrinsecis
1264 631 1333 700 quae

299 691 366 782 jam
379 691 514 761 habebat
526 709 667 788 tempere
680 695 865 764 venditionis
879 749 887 776 ,
903 711 1003 764 totum
1019 698 1154 792 pretium
1168 701 1332 772 refundere

301 787 395 856 debet
409 788 566 870 venditor,
583 803 613 858 et
628 789 655 857 si
667 789 751 860 meld
760 791 822 858 title
834 791 1025 874 vendiderit,
1041 795 1153 862 demna
1164 795 1266 864 emnia
1276 823 1330 865 re-

299 903 430 976 perere,
448 881 539 955 etism
555 887 629 977 ergri
645 885 752 956 terties
766 913 913 982 personas
926 921 934 967 ;
953 905 988 957 ut
1001 891 1028 956 si
1042 891 1171 960 morbus
1189 889 1329 964 animalis

299 977 495 1069 contagiosus
508 980 653 1048 animalia
666 982 727 1050 ulia
748 983 911 1063 infecerit;
930 985 1012 1053 und'e
1027 985 1129 1053 adhuc
1143 987 1255 1057 damna
1268 1013 1328 1058 nen

298 1097 396 1166 parva
411 1101 447 1142 ex
464 1073 632 1144 cessatione
645 1077 842 1162 commercii,
862 1093 941 1165 etc,
957 1077 1137 1150 adveniunt.

339 1167 378 1236 ln
393 1169 487 1237 dubie
497 1175 579 1264 seep'e
594 1171 795 1242 existentem
810 1179 919 1241 revere
934 1189 965 1243 et
977 1191 1053 1268 quet
1063 1177 1175 1246 demna
1187 1175 1328 1248 intulerit

240 1307 246 1316 ·
288 1261 458 1346 ⁸venditor,
473 1267 613 1334 restituat
626 1291 685 1361 pro
699 1267 818 1336 ratione
832 1268 933 1346 dubii.

338 1353 425 1434 Note
448 1387 456 1426 ε
477 1357 568 1427 Vitia
592 1360 800 1430 redhibitoria
823 1362 857 1430 iu
881 1362 987 1432 codice
1009 1389 1072 1432 non
1097 1364 1323 1435 enumerantur.

296 1451 381 1521 Aliis
394 1469 464 1520 sunt
475 1451 616 1543 legibus,
634 1456 685 1523 vel
699 1455 844 1540 arrestis,
863 1472 915 1525 aut
927 1459 1145 1527 consuetudine
1155 1484 1214 1553 pre
1227 1459 1325 1531 varie·

297 1549 647 1636 toteleoorumstatuta.
851 1554 855 1560 ’
985 1555 1006 1582 ”
1144 1569 1145 1578 ’

327 1731 364 1794 (a)
375 1733 492 1782 Exeusori
502 1745 604 1794 possunt
623 1735 667 1796 qui
685 1743 780 1784 merces
790 1735 943 1798 defectuosae
953 1735 1059 1785 efferunt
1069 1735 1108 1785 his
1117 1748 1178 1796 ques
1186 1735 1323 1798 proritent

296 1799 378 1848 miuus
389 1802 497 1860 pretium
508 1803 633 1850 oblaturos
640 1815 694 1852 esse
701 1837 711 1864 ,
718 1803 790 1852 morib
800 1805 927 1855 meeber
936 1806 1052 1864 pretium.
1064 1807 1145 1854 Geitet.

326 1869 460 1917 cardinatis
470 1871 578 1932 Detege,
589 1873 675 1922 relatis
684 1874 760 1922 veriis
768 1875 794 1921 in
805 1872 851 1921 iiic
866 1871 981 1921 intricati
998 1872 1101 1921 materiei
1116 1873 1287 1933 opinionibus,
1298 1877 1323 1920 et

296 1939 601 1998 minisriistinctionihus,
623 1945 734 1992 autumet
752 1955 803 1991 nen
812 1943 897 1990 deberi
909 1955 944 1996 er,
955 1941 1053 2002 iustitiis
1067 1944 1219 1992 manifestari
1235 1943 1324 1989 vitium

295 2010 435 2066 occuitum,
445 2005 543 2071 quondb
555 2011 651 2072 cuipter
660 2024 742 2072 neque
752 2007 868 2073 expresse
878 2024 960 2073 neque
975 2013 1050 2063 terite
1061 2013 1195 2072 interroget
1203 2011 1228 2060 et
1239 2009 1323 2072 operib

294 2090 391 2126 merces
400 2080 567 2140 exponuntur,
576 2093 625 2127 nen
636 2083 782 2130 occultando
791 2083 867 2140 vitiu,
878 2083 899 2128 si
909 2077 1035 2130 resedirirc
1046 2082 1152 2129 comitto
1163 2082 1223 2128 vitiu
1230 2081 1324 2128 occidte

293 2146 367 2206 uipera
378 2149 411 2196 sit
421 2148 464 2194 tati
476 2149 555 2206 pretio
567 2151 593 2198 et
603 2149 680 2199 soleat
691 2153 854 2199 communiter
865 2163 894 2200 ee
906 2153 965 2210 erni,
975 2144 1035 2198 iicet
1045 2151 1104 2198 huic
1116 2150 1221 2210 emptori
1231 2151 1257 2196 in
1267 2161 1326 2208 par·

293 2215 392 2265 ticuieri
402 2215 528 2262 desereire
539 2214 588 2262 nen
599 2217 689 2263 debeat
700 2218 731 2264 ed
747 2232 819 2268 usum
831 2219 862 2264 ad
878 2231 953 2276 quem
964 2219 1033 2264 ittam
1044 2219 1119 2276 emit,
1132 2218 1192 2264 dum
1203 2229 1251 2280 nen
1263 2217 1324 2264 dicit

293 2294 321 2329 se
331 2293 414 2328 emere
432 2281 548 2330 adiutem
566 2293 653 2339 usum,
670 2283 718 2328 uisi
734 2285 761 2330 id
779 2285 933 2342 significetur
947 2297 980 2330 ex
991 2286 1115 2329 communi
1133 2284 1204 2330 medo
1220 2295 1268 2342 que
1284 2298 1325 2333 res

264 2357 265 2364 ¹
293 2348 447 2408 emunturin
458 2348 501 2394 toli
513 2349 575 2395 iece'.
594 2349 708 2398 Attamen
728 2347 797 2396 uouit
809 2361 816 2395 r
828 2350 890 2396 inite
908 2351 1049 2406 contractu,
1071 2363 1104 2396 ex
1122 2351 1244 2396 ctioritete
1265 2353 1323 2400 tuiis

293 2417 390 2476 turpior
398 2416 460 2462 teret
471 2415 620 2473 menendus,
637 2416 661 2462 ei
680 2428 713 2462 ex
724 2428 767 2463 sue
778 2427 860 2463 errore
872 2415 1048 2462 detrimentum
1061 2417 1108 2476 ipsi
1124 2417 1225 2462 evenire
1237 2419 1322 2476 possit.

292 2480 330 2532 rtt
341 2484 442 2534 tandem
450 2486 505 2544 pret
514 2483 679 2542 liddensem,
689 2486 749 2532 Geli.
759 2484 850 2543 Andeg.
863 2483 883 2530 si
895 2485 963 2530 iecus
974 2484 1176 2542 sitprresumendi
1186 2482 1252 2544 qued
1260 2487 1323 2534 aiter

293 2554 413 2616 emissus
425 2553 488 2600 retie
498 2552 553 2612 ejus
563 2554 600 2600 est
608 2549 675 2612 queri
685 2551 747 2602 iortd
756 2550 876 2604 noluisset
884 2552 942 2600 dure
951 2552 1060 2612 pretium
1067 2552 1169 2610 justum.

323 2625 354 2670 Et
362 2623 448 2681 neunt
458 2620 587 2682 hiepiures
595 2635 644 2670 nen
655 2623 766 2670 accusari
777 2622 871 2682 eosqui
880 2621 1029 2680 generaliter
1040 2621 1142 2668 trudant
1152 2632 1247 2668 merces
1255 2633 1322 2680 suos,

292 2702 335 2740 ees
345 2686 526 2751 eliquantuidm
537 2689 635 2749 iurant,
647 2692 673 2739 et
682 2692 798 2738 meiiores
809 2685 949 2739 extrinsece
960 2691 1068 2750 ponunt,
1080 2691 1139 2752 quie
1149 2690 1219 2740 doius
1229 2690 1273 2740 ilie
1284 2694 1323 2739 e'st

293 2759 429 2822 communis
436 2760 480 2817 ,et
489 2759 652 2806 communiter
662 2761 735 2808 uetus
745 2761 907 2820 emptoribus.

323 2829 410 2875 Fateor
419 2840 426 2887 3
436 2827 479 2874 scd
490 2822 550 2875 niun
556 2828 587 2875 de
596 2829 710 2877 omuibus
720 2831 844 2878 mercibus
853 2831 878 2878 ct
888 2827 1044 2882 deemnibus
1054 2828 1263 2889 emptoribushaec
1272 2830 1322 2878 dici

250 2915 253 2923 ·
289 2897 395 2956 possunt
405 2895 415 2942 t
425 2896 464 2945 Sic
475 2893 573 2955 quondo
583 2896 700 2945 venditur
711 2897 877 2956 trumentum,
889 2893 957 2944 certe
969 2909 1019 2944 nen
1030 2897 1068 2944 est
1079 2910 1222 2956 commune,
1234 2899 1322 2947 saitem

292 2961 397 3026 ubique,
409 2963 521 3026 prumvis
534 2976 585 3018 nen
604 2961 659 3012 rerb
678 2966 736 3024 flet,
746 2967 775 3013 ιιι
786 2966 876 3030 meiius
894 2967 1086 3027 superponatur3
1098 2967 1157 3014 tunc
1168 2963 1268 3014 aliunde
1278 2979 1321 3014 ee-

292 3029 345 3082 riris
355 3028 419 3094 serpe
438 3032 598 3081 venderetur.
609 3033 755 3093 Sieedhuc,
773 3034 817 3094 qui
836 3046 945 3087 mercem
965 3034 1041 3084 tutem
1057 3029 1182 3094 nunqubrn
1192 3038 1321 3095 eruerunt,

292 3101 404 3163 ignorare
415 3096 587 3162 possuntqutu
595 3102 684 3150 metior
694 3097 765 3153 extri
776 3105 891 3164 ponatur·

323 3173 393 3220 nisit
403 3165 484 3232 erebi
497 3170 592 3221 fortiori
604 3173 633 3219 ιιι
643 3175 793 3222 excusentur
802 3173 861 3232 qui,
882 3167 974 3219 neddm
985 3170 1106 3218 mercium
1117 3171 1229 3220 deiectus
1239 3173 1322 3230 eccui·
1368 3229 1375 3238 x

292 3237 331 3292 ies
340 3244 453 3304 operient
463 3239 472 3306 (
482 3245 511 3290 ιιι
521 3241 702 3306 penniyodusti,
714 3242 774 3291 cerii
787 3238 893 3302 ineptiis,
905 3242 1027 3289 seminum
1037 3241 1150 3288 veterum
1168 3241 1210 3288 eut
1221 3253 1322 3302 corrup

292 3313 376 3362 terum
386 3308 444 3360 een
455 3323 518 3363 neve
528 3313 686 3372 quaeruntur,
707 3312 843 3359 oromatum
854 3312 1014 3359 everniderurn
1028 3323 1073 3370 pre
1084 3311 1238 3370 recentibus,
1256 3323 1323 3360 ruer·

292 3381 361 3428 dum
369 3393 403 3428 ex
411 3379 466 3433 ioco
477 3380 558 3439 inque
567 3380 780 3442 suntviiierespro
791 3380 916 3427 mercibus
927 3379 974 3428 teci
985 3379 1065 3440 inque
1076 3381 1133 3426 stult
1144 3378 1322 3442 pretiosiores),

292 3449 417 3497 eecuitent
427 3449 538 3508 apertos3
548 3449 573 3495 in
585 3461 657 3496 aures
668 3450 726 3510 equi
737 3449 819 3510 seniis
827 3449 992 3509 mercurium,
1002 3463 1027 3496 v.
1039 3461 1062 3508 g.
1070 3480 1077 3509 ‚
1086 3449 1230 3508 injiciendo,
1241 3450 1269 3497 ut
1279 3461 1323 3508 ge·

292 3527 395 3566 peresus
403 3515 534 3575 apparetis
543 3527 816 3577 memmeeveccorum,
836 3531 889 3569 nort
902 3517 1000 3566 residue
1011 3517 1076 3564 lacte
1087 3515 1096 3577 (
1107 3517 1173 3576 qued
1183 3518 1321 3564 ceremoni-

292 3583 332 3632 tor
342 3583 369 3630 ut
379 3581 470 3633 alicubi
481 3580 589 3644 saltem)
608 3584 739 3634 sedveriis
750 3587 844 3636 ectitius
864 3588 1027 3634 intumescere
1045 3585 1152 3642 iaciunt,
1169 3585 1236 3642 etc,
1249 3585 1321 3631 tene-

292 3651 349 3700 brrs
357 3649 483 3711 quaerunt,
493 3648 536 3697 eut
545 3644 596 3697 tim
607 3648 706 3700 centusi
716 3651 827 3702 deiectius
838 3654 978 3711 declarent,
990 3653 1018 3698 ut
1028 3645 1112 3710 potiris
1128 3651 1254 3698 insinuent
1264 3651 1319 3698 nui-

292 3719 330 3766 tos
340 3729 407 3778 esse,
418 3718 467 3768 etc.
485 3716 616 3778 Supposito
634 3719 717 3768 temen
727 3715 794 3780 quoe
812 3723 924 3772 ementes
943 3719 1045 3770 rceiitcr
1062 3717 1228 3778 decipiantur.
1244 3718 1320 3766 decus

293 3788 360 3837 eruut
370 3785 491 3844 injustitie
501 3796 550 3834 nen
561 3786 626 3836 essct
636 3787 683 3834 nisi
693 3787 814 3837 effective.
1239 3782 1242 3786 ’
1310 3789 1315 3798 “
