2864 4672
619 281 771 342 utssm.
1118 259 1211 350 fast

225 369 313 452 Nota
332 398 338 436 ι
359 365 437 437 Haec
451 361 643 436 violarentur
661 368 740 437 sicut
758 357 887 450 altaria}
900 380 933 434 et
952 366 1212 452 consecrationem

183 464 328 532 amittunt
341 468 413 531 cum
424 463 469 530 ita
489 463 673 555 frangimtur
686 453 740 530 aut
754 461 957 530 immutantur
971 475 1004 529 ut
1018 457 1092 530 flant
1109 461 1212 564 inepta

183 559 225 628 ad
242 558 428 627 sacrificium
441 559 504 644 (b).
640 571 646 580 '
708 563 727 578 '¹
954 567 956 574 “
1049 569 1054 576 “
1120 565 1148 646 J

224 653 306 735 Sed,
322 657 394 722 edm
408 655 575 748 postquam
585 649 689 746 ¹fracta
701 664 789 732 suut,
810 673 873 720 nou
889 664 1068 729 remaneant
1081 650 1209 732 eadem,

182 764 311 842 possunt
321 743 355 817 in
364 774 437 817 usus
450 743 596 842 profanos
608 743 731 827 cedere,
745 744 818 838 quia
828 745 900 835 igue
913 759 1165 824 transmutantur.

214 953 252 1019 (a)
262 951 315 1004 Non
324 947 502 1016 permittuntur
515 947 640 1002 ullatenus
650 963 728 1010 area,
738 949 835 1011 lignes,
844 949 964 999 vitreave.

212 1027 250 1074 Ex
260 1019 349 1074 statuto
360 1024 389 1071 tt
400 1023 495 1071 Bisunt.
507 1021 581 1070 dioec.
591 1022 621 1070 de
632 1021 751 1069 sacrificio
761 1019 841 1069 missa
849 1021 937 1078 saltem
947 1031 1027 1080 cuppa
1037 1019 1122 1070 calicis
1130 1022 1163 1069 sit
1172 1036 1211 1068 ur-

180 1096 283 1156 senua,
293 1094 362 1142 etex
372 1089 469 1140 nibrica
479 1091 599 1150 missalis,
609 1085 677 1138 intus
687 1090 804 1138 deaurata
816 1101 824 1136 t
834 1101 981 1154 quanuper
990 1083 1081 1138 iterum
1090 1087 1211 1152 praecepit

180 1165 212 1212 Ι).
224 1164 256 1212 de
266 1162 447 1222 Viltefrancon,
456 1157 662 1220 aremepiseopus
672 1159 767 1206 Bisuut.
1120 1191 1122 1200 .
1232 1157 1237 1166 ’

211 1233 249 1279 Ex
262 1230 454 1289 consuetudine,
467 1228 588 1276 ciborium
602 1229 628 1274 et
645 1228 733 1274 lunula
750 1239 805 1287 quae
819 1227 847 1278 tn
864 1225 997 1276 ostensuris
1015 1227 1106 1288 corpus
1120 1227 1210 1276 ctum

181 1300 261 1360 tangit
269 1295 344 1348 aurea
354 1301 404 1346 sint
414 1299 489 1345 etiam
499 1297 540 1344 vel
550 1295 666 1355 argentea
680 1296 707 1344 et
720 1295 752 1343 ab
765 1295 883 1356 Episcopo
893 1299 938 1343 aut
946 1296 1072 1350 sacerdote
1082 1297 1114 1344 ab
1125 1309 1155 1344 eo
1165 1297 1211 1344 do·

180 1369 266 1428 putato
282 1369 335 1416 siue
346 1367 478 1414 chrismato
488 1363 633 1412 benedictae
710 1420 712 1427 Ι
831 1407 835 1413 ,
946 1423 953 1430 ,
1151 1371 1154 1375 ’

213 1436 248 1498 (t)
258 1436 290 1483 ot
304 1437 325 1484 si
341 1437 368 1483 in
379 1434 455 1498 tundo
466 1431 550 1483 catinis
561 1432 604 1480 fiat
620 1433 661 1484 vel
678 1435 796 1494 exiguum
811 1434 935 1492 toramen,
946 1435 991 1486 aut
1006 1433 1095 1494 elpes,
1106 1435 1210 1495 qutnon

180 1504 214 1553 sit
220 1495 364 1553 tornatilisis
373 1500 453 1563 cuppa
460 1501 598 1562 separetur.
606 1500 631 1549 st
642 1502 709 1549 enlm
717 1515 761 1563 pes
768 1503 801 1551 sit
808 1503 943 1560 tornatilis,
951 1501 1034 1562 iuquit
1040 1505 1066 1550 Ρ.
1072 1503 1210 1563 031).,Λιιῑ,,

180 1569 238 1622 cim
251 1574 303 1622 sola
313 1584 394 1633 cuppa
410 1571 552 1636 consecrata
565 1571 613 1635 sit,
626 1571 739 1632 manetis
757 1567 825 1618 calin
834 1569 1040 1632 indiuisumque
1056 1573 1127 1632 patto
1146 1567 1210 1641 {utri

179 1640 347 1702 frangeretur,
359 1652 409 1689 nou
419 1652 480 1700 opus
490 1637 556 1686 esset
565 1637 629 1687 nova
639 1638 832 1687 consecratione.
1174 1633 1176 1642 ’

209 1711 260 1756 Nec
279 1707 308 1756 ed
325 1721 387 1769 opus
405 1708 485 1766 esset,
501 1707 522 1753 si
533 1707 561 1752 in
570 1708 647 1753 catice
659 1707 813 1766 conunzeret
828 1707 932 1766 gibbus,
942 1707 988 1756 ctst
999 1704 1089 1756 malleo
1098 1710 1141 1757 aut
1151 1709 1209 1768 lune

181 1775 345 1833 auferendus,
355 1775 397 1821 vel
415 1775 436 1820 si
451 1773 770 1833 inauratiodestrueretur,
781 1775 840 1833 qnia
857 1788 955 1836 semper
970 1778 1042 1835 aptus
1055 1779 1208 1835 remanerem
1227 1795 1234 1812 ν
1321 1839 1324 1846 .

181 1856 231 1890 nou
243 1844 414 1890 auramentum
422 1841 504 1899 enim,
515 1840 558 1888 sed
567 1853 647 1900 cuppa
657 1843 798 1889 consecrata
809 1843 855 1891 est.

211 1910 261 1959 Sed
271 1910 291 1958 si
303 1909 383 1968 catix,
395 1909 516 1969 patenavs
526 1908 567 1964 uel
578 1903 688 1968 puutn
698 1909 741 1962 tot
751 1905 832 1958 denuo
847 1906 1006 1970 inaurentur,
1016 1899 1120 1958 dubium
1130 1910 1168 1959 est
1177 1925 1209 1960 sn

180 1977 243 2029 nord
254 1977 383 2038 inurent
394 1975 588 2026 consecratione.
600 1977 652 2023 ttos
661 1977 700 2025 est
710 1973 791 2024 denuo
802 1978 948 2056 consecrari.

222 2194 296 2260 909.
312 2165 380 2234 suh
393 2163 483 2257 gravi
496 2163 606 2233 itidem
619 2164 819 2257 requiruntur
833 2165 1037 2260 corporalest
1046 2165 1129 2259 palla
1139 2169 1209 2263 quae

139 2283 141 2289 ·
180 2264 262 2334 linea
275 2262 396 2348 siut(o)
412 2275 497 2342 et,ut
509 2264 619 2354 supra,
633 2261 808 2329 benedicta.
816 2284 824 2310 ³·
839 2324 841 2333 ,
910 2301 916 2313 ·
1032 2303 1038 2314 -

222 2360 288 2429 Sed
302 2382 398 2426 unum
412 2355 497 2424 aliud
508 2355 664 2450 supplere,
675 2371 707 2424 et
723 2355 752 2423 si
762 2371 812 2424 sat
822 2342 960 2466 amplum
975 2358 1023 2444 (ut
1034 2359 1115 2453 apud
1131 2359 1209 2430 Car-
1226 2411 1229 2415 -

179 2455 339 2528 thusianos
350 2450 525 2546 corporale)
539 2462 598 2544 pro
612 2451 763 2520 ambobus
778 2450 928 2520 inservire
941 2468 1058 2546 potest3

220 2547 395 2642 Corporale
414 2545 547 2614 scissum
564 2570 651 2613 suam
669 2571 732 2614 non
752 2544 866 2614 amittit
890 2547 1157 2632 benedictionem,
1178 2555 1210 2618 si

179 2647 249 2711 ante
261 2642 416 2731 integram
426 2639 605 2707 scissionem
617 2653 787 2732 reparetur.
900 2656 903 2662 '

220 2738 289 2804 lmd
306 2736 334 2803 si
346 2759 421 2843 pars
433 2758 496 2802 una
508 2731 664 2802 sufficiens
681 2749 840 2812 remaneat
853 2735 895 2802 ad
909 2736 1127 2806 continendum
1147 2740 1207 2808 dc-

179 2846 282 2901 center
297 2829 425 2899 calicem
438 2846 469 2900 ct
481 2843 643 2924 patenam,
661 2823 736 2923 pars
756 2827 823 2898 haec
847 2848 1043 2901 conservaret
1054 2833 1206 2904 benedic-

177 2929 294 2997 tionem
307 2927 369 3013 (ὸ).
395 2969 401 2981 .
1009 2953 1014 3014 j

218 3015 306 3095 Nota
315 3021 468 3114 generalis
484 3052 493 3089 ε
511 3019 602 3090 Vasa
614 3047 703 3098 sacra
716 3026 863 3118 quaejam
876 3011 1082 3119 Brernntusui
1098 3025 1205 3119 appli-

178 3135 266 3200 cata,
289 3131 321 3184 et
334 3117 526 3210 corporalia,
546 3117 655 3208 palla,
669 3117 959 3208 peuificatoriaquo‚
979 3118 1117 3184 noudum
1134 3136 1203 3212 post

179 3237 269 3292 ursum
288 3210 408 3292 lanata,
422 3209 510 3300 tangi
526 3232 589 3276 nou
606 3225 736 3302 possunt
748 3209 833 3278 licite
847 3208 908 3276 uisi
920 3214 943 3298 a
953 3209 1048 3279 sacris
1065 3211 1130 3300 jam
1145 3213 1203 3284 ini·

177 3305 263 3392 tiatis
275 3320 328 3373 aut
345 3301 502 3371 licentiam
522 3301 705 3373 habentibus
724 3304 782 3389 (c).
807 3302 873 3372 Sed
890 3298 1011 3376 secluso
1021 3322 1202 3404 contemptu

178 3402 228 3473 vel
241 3398 330 3496 gravi
343 3390 499 3479 scandalo,
515 3423 578 3466 non
591 3398 697 3467 vident
707 3397 753 3466 ibi
762 3397 823 3466 nisi
836 3399 968 3483 veniale,
981 3417 1108 3494 excepto
1118 3403 1145 3471 si
1159 3405 1200 3472 ab

177 3497 239 3566 alio
252 3519 347 3590 quam
352 3494 513 3564 sacerdote
522 3507 575 3560 aut
584 3491 715 3561 diacono
727 3508 892 3583 tangantur
903 3509 1044 3590 tempore
1054 3521 1117 3580 quo
1128 3515 1199 3569 actu

177 3593 267 3662 adest
278 3589 497 3684 ineiscorpus
510 3587 562 3656 vel
574 3588 698 3679 sanguis
711 3587 845 3658 Christi.
1074 3582 1077 3588 ’

218 3684 330 3756 Vacua
341 3683 429 3776 tangi
442 3698 569 3779 possunt
582 3686 602 3750 d
616 3707 810 3777 quocumque
819 3684 975 3756 mediante
988 3685 1154 3758 velamine.

218 3778 308 3872 Re&
320 3776 815 3872 mtequdmlinteasaeralavanda
826 3780 986 3851 tradantur
998 3781 1098 3864 laicis,
1112 3785 1198 3877 prids

234 3891 238 3898 ⁴
899 3877 901 3888 ¹
1040 3881 1084 3934 31.
