2960 4684
215 363 218 371 ’
277 357 298 428 6
531 379 585 431 nn
607 375 1047 432 summme-nnmerum

234 525 235 530 Ἰ
274 467 414 532 occupasset
424 463 523 518 citandis
534 465 646 514 debitum
657 477 814 525 recuperare.
826 465 874 514 Sed
889 469 1018 518 moneatur
1032 467 1131 530 debitor
1139 479 1193 530 rem
1205 469 1237 520 ad
1245 470 1302 524 det·

150 540 152 545 '
273 535 379 583 tinatmn
390 547 438 582 non
448 536 601 595 pervenisse.
1129 573 1134 580 .
1224 578 1231 586 ,,

305 603 366 652 item
377 604 430 650 tisri
440 602 521 665 potest
531 601 697 664 compensatio
711 597 832 652 adversis
842 601 982 654 debitorem
993 605 1113 656 debitoris
1122 605 1166 668 qui
1173 605 1215 666 ins
1225 613 1302 657 saura

269 670 433 720 comessoris.
970 697 972 702 ·
1165 689 1166 693 ¹

229 751 230 754 ’
303 743 345 789 nst
356 741 467 800 potestne
478 739 532 786 iteri
542 737 568 787 in
578 751 605 786 re
617 735 728 798 depositi
740 737 783 787 aut
793 735 961 788 commodati?
971 737 1132 803 Neutiquim,
1144 743 1172 793 si.
1181 744 1303 796 contraria

218 857 222 861 ,
268 801 337 857 iacta
348 793 382 857 nt
390 805 534 870 promissio,
545 804 654 860 maximi
667 809 687 856 si
700 819 758 855 cum
767 807 924 867 iuramento,
934 810 977 857 aut
985 810 1005 858 si
1017 811 1067 858 siut
1081 811 1218 858 creditores
1226 811 1304 872 privo

270 877 365 936 tentati.
378 873 452 924 Sectis
461 876 653 930 controvertitur
666 886 710 937 pro
719 877 773 924 iero
783 877 872 926 saitem
883 877 990 928 interno.
1008 879 1069 926 itam
1078 880 1103 926 in
1119 879 1171 928 toro
1182 881 1302 938 externo,

270 945 354 996 contris
363 947 488 1006 depositum
499 948 680 1006 compensationi
689 959 738 992 non
747 949 781 994 cst
791 947 862 994 iocus.
873 947 930 1007 cap.
942 947 956 994 b
966 947 996 994 de
1006 947 1127 1007 deposito.
1134 950 1163 996 et
1174 966 1187 990 a
1202 950 1226 996 ia
1238 961 1303 996 com-

271 1027 286 1057 s
295 1013 446 1074 pensatione
457 1014 547 1074 tien...,
560 1010 734 1074 exceptidans
745 1015 768 1061 ie
779 1025 847 1061 cas...
855 1027 862 1072 ;
870 1015 896 1061 2⁰
908 1015 938 1062 de
950 1017 973 1062 ta
985 1010 1105 1064 demands
1117 1029 1148 1065 en
1159 1009 1303 1066 restitution

250 1133 252 1140 ¹
270 1097 285 1125 a
296 1082 353 1129 d¹un
364 1079 438 1142 nepot
449 1084 475 1131 et
484 1083 519 1130 du
529 1078 607 1142 prdit
619 1076 701 1141 usage.
713 1100 727 1124 n
740 1079 835 1143 (1295.)
846 1083 908 1131 vide
920 1085 997 1132 totam
1006 1087 1142 1133 sectionum
1152 1082 1193 1146 IV,
1203 1099 1258 1145 cap.
1270 1087 1301 1145 V,

269 1150 310 1199 uc
321 1153 346 1209 5,
357 1151 402 1200 lib.
412 1153 436 1199 3.
445 1153 490 1202 Pro
501 1152 553 1200 ioro
564 1151 661 1200 interno
671 1151 844 1212 probabilitate
854 1152 936 1200 forsan
946 1155 1033 1210 majori
1044 1166 1093 1202 uon
1104 1167 1189 1204 carere
1202 1155 1303 1204 videtur
1314 1194 1320 1198 .

268 1215 392 1268 sententia
403 1221 539 1280 aiiirrnans3
560 1222 619 1281 quia
631 1233 680 1268 non
691 1217 792 1268 videtur
807 1220 909 1268 tacitam
919 1221 1109 1282 promissionem
1124 1236 1174 1270 non
1194 1237 1220 1271 se
1237 1237 1303 1284 com-

269 1289 389 1348 pensaudi
397 1289 509 1337 comitari
516 1287 653 1336 necessario
660 1288 801 1347 depositum
812 1289 855 1344 aut
865 1285 1056 1337 commodatum.
1063 1289 1111 1340 Sed
1121 1291 1147 1338 in
1157 1292 1228 1352 praxi
1237 1285 1302 1340 matt

270 1357 425 1406 honestatem
436 1356 522 1403 saitem
533 1357 604 1404 sonat
616 1356 674 1403 talis
684 1357 867 1416 compensatio,
884 1357 910 1405 ct
925 1357 1053 1418 deponens
1062 1359 1104 1416 jus
1123 1373 1195 1407 suum
1209 1361 1235 1408 in
1249 1361 1302 1408 ioro

268 1429 374 1473 externo
383 1425 574 1486 prosequeretur
582 1423 614 1472 ad
623 1421 818 1484 recuperandam
829 1437 883 1472 rem
892 1425 1105 1486 suamitarbergb
1115 1431 1185 1475 casus
1193 1429 1234 1492 bic
1244 1441 1302 1476 con-

269 1495 399 1558 fessarium
409 1493 542 1554 torquebit.
553 1491 579 1540 Si
591 1493 705 1551 eveniat,
717 1489 828 1539 secunda
838 1493 936 1551 tegibus
952 1497 978 1541 sc
994 1495 1157 1544 conicrmabit
1166 1497 1299 1556 psanticus.

270 1565 319 1613 ties
330 1561 480 1612 commodata
489 1561 591 1610 retineri
602 1558 683 1622 potest
692 1561 768 1609 donec
778 1559 887 1610 solvatur
896 1557 1019 1622 debitum,
1031 1564 1144 1626 inquitP.
1156 1563 1268 1612 ihomas.

267 1643 270 1648 ·
301 1635 335 1698 (c)
347 1635 377 1682 V.
389 1647 412 1694 g.
430 1633 516 1698 iraude
532 1636 574 1684 rel
584 1634 643 1684 doio
652 1631 702 1682 nou
719 1633 867 1682 adhibeatur
877 1633 952 1683 tertia
962 1647 1067 1698 persona
1078 1637 1134 1686 cum
1146 1637 1259 1698 periculo
1267 1642 1301 1684 at

270 1701 479 1767 deprehendatur.

269 1927 273 1935 Ι
312 1857 384 1939 417,
400 1839 602 1916 Conditiones
612 1841 686 1916 vcro
696 1840 737 1916 ad
746 1839 895 1916 licitatum
904 1838 1160 1944 compensationis
1172 1843 1299 1943 insuper

270 1944 445 2038 requisitae,
460 1957 532 2010 sunt
1118 2005 1119 2008 ,

310 2039 384 2108 Una
400 2064 409 2110 ε
428 2053 462 2106 ut
485 2035 547 2107 aiit
560 2036 628 2117 vit,
641 2055 673 2104 v.
689 2061 742 2126 g.,
764 2049 894 2105 ictursd
917 2037 959 2105 tad
979 2036 1132 2127 judicent,
1160 2035 1299 2106 debitum

269 2132 446 2228 recuperari
466 2148 614 2225 nequeat,
645 2130 756 2199 saltem
776 2130 844 2199 sine
873 2132 962 2222 gravi
995 2149 1194 2216 nocumento,
1227 2133 1300 2202 odio

270 2257 299 2326 n.
313 2249 367 2319 g.,
383 2228 508 2308 tisibus,
532 2225 672 2320 periculo
685 2225 825 2294 honorici
843 2225 1022 2296 Servandus
1037 2226 1135 2312 enirn,
1151 2225 1299 2324 qnantiun

230 2370 234 2376 ·
269 2322 337 2392 fleri
351 2332 469 2416 potest,
485 2321 562 2388 ordo
573 2319 663 2410 juris.
932 2400 934 2410 A

310 2416 422 2483 Altera
439 2446 446 2482 ε
462 2431 495 2484 ut
508 2407 569 2482 sibi
584 2439 784 2509 compensans
794 2411 887 2496 vitet,
903 2415 1054 2506 quantum
1064 2411 1197 2508 poterit,
1213 2405 1299 2484 dam-

269 2535 343 2582 uum
360 2510 491 2605 quodvis
505 2513 554 2580 sui
567 2527 620 2579 aut
633 2535 775 2593 suorum,
792 2509 958 2591 debitoris,
971 2510 1134 2578 alteriusve
1141 2511 1203 2597 (a).

196 2611 201 2622 '
309 2607 361 2676 Ex
383 2605 542 2700 hucusque
571 2605 663 2676 dictis
688 2605 837 2674 conclude
865 2609 973 2672 contri
999 2605 1148 2695 justitiam
1170 2624 1299 2701 pestate

268 2703 405 2793 judicem
421 2703 618 2787 damnantem
633 2727 703 2769 cum
717 2701 786 2794 qui,
801 2695 886 2768 nulli
900 2725 936 2767 ex
947 2701 1089 2788 omnibus
1100 2703 1140 2769 ad
1148 2702 1297 2792 justitiam

268 2797 479 2892 licitatemque
509 2795 772 2892 compensationis
786 2793 1016 2865 conditionibus
1037 2795 1213 2883 deficiente,
1236 2796 1297 2868 sihi
1342 2836 1348 2854 ·

268 2908 509 2987 compensasset·
1090 2903 1093 2908 '

272 3045 276 3057 ,
309 2989 353 3059 Et
367 2988 420 3082 qui
439 3001 596 3056 accusaret
606 3003 689 3056 eutii.

309 3085 379 3156 Nec
413 3083 458 3153 sic
482 3084 643 3151 damnatus
667 3091 824 3148 teneretur
848 3073 882 3145 in
906 3069 976 3147 icio
1002 3073 1194 3150 conscientiae
1215 3093 1298 3150 stare
1378 3124 1380 3128 ·

268 3175 428 3252 sententie
447 3176 578 3268 judicis,
603 3175 654 3243 vel
675 3175 758 3244 boni
778 3172 840 3240 fide
854 3173 942 3254 latas,
959 3179 1066 3268 utpot'e
1089 3195 1158 3269 quae
1172 3175 1206 3242 in
1218 3172 1298 3244 falsi

266 3270 506 3369 praesumptione
516 3268 592 3347 sacti
612 3269 741 3342 fundata
755 3283 958 3366 supponatur.

309 3365 397 3435 Ben'e
411 3371 501 3448 verb,
516 3364 590 3442 si'in
602 3365 761 3449 mulctam,
777 3367 817 3436 ob
832 3365 979 3438 omissam
991 3363 1130 3462 aliquam
1143 3367 1185 3436 ad
1199 3360 1299 3437 licita·

269 3474 331 3529 tam
347 3461 604 3555 compensationis
616 3463 836 3535 conditionem·

236 3657 238 3668 ¹
301 3639 336 3706 (α)
347 3639 415 3690 Talia
426 3638 561 3699 iniamatio,
571 3637 744 3699 deprehensio,
753 3639 904 3701 scandalum,
916 3641 964 3689 etc.
976 3629 1090 3687 Monendi
1101 3628 1167 3696 crud,
1177 3635 1297 3697 siabsqub

298 3713 337 3760 ari
347 3707 501 3760 incommodo
511 3708 567 3756 tieri
578 3707 667 3767 possit,
686 3707 783 3756 debitor
797 3709 900 3770 ejusque
911 3707 1020 3756 haeredes
1034 3707 1067 3754 de
1081 3701 1193 3754 extincti
1204 3705 1297 3765 obtina-

270 3725 347 3840 ffone,
358 3777 412 3828 tina
423 3779 451 3826 ut
461 3773 552 3826 iterim
562 3776 720 3835 nonsoivant,
732 3771 786 3824 tium
796 3778 824 3824 ut
833 3787 937 3838 pravum
947 3775 1071 3835 deponent
1081 3774 1206 3821 affectum.
1217 3773 1247 3824 iit
1254 3787 1298 3822 cu-

270 3849 374 3900 mdum
383 3849 414 3898 ut
422 3848 497 3898 tertia
506 3859 610 3907 persona
620 3845 679 3894 iusti
689 3857 737 3894 non
748 3847 885 3894 accusetur.
896 3847 946 3893 tioc
957 3843 1024 3908 enim
1037 3842 1115 3904 eripit
1126 3843 1240 3892 charitas.

288 3913 378 3994 utcu:
396 3917 608 3980 Compensationes
623 3913 759 3966 manifestas
774 3913 805 3962 ab
822 3913 946 3976 aliquibus
961 3914 1148 3975 permittantur.
1159 3913 1219 3986 ,tioc
1240 3911 1297 3962 aiiis
