2950 4680
229 428 231 432 ,
256 361 328 458 294
408 380 462 432 nn
484 376 650 448 eutero
671 379 724 458 nr
744 377 877 436 saxro
897 374 1134 434 ermenero

726 534 804 606 err.

657 694 718 746 Gom
727 694 877 756 iuvenilem

202 889 206 896 -
254 865 257 872 ’
295 865 368 936 ⁷²²·
385 845 566 916 cernerer
578 869 620 914 ne
632 845 796 939 paulatim,
815 861 850 915 ut
863 845 992 942 saepids,
1006 845 1178 942 deperdant
1189 848 1283 946 spiri·

250 961 318 1012 tum
332 943 476 1038 pietatis,
492 945 567 1033 erga
581 957 724 1035 parentes
739 941 945 1012 reverentiam
962 947 993 1010 c't
1007 943 1232 1024 obedientiam,
1249 962 1280 1016 et

249 1037 290 1106 iis
307 1036 523 1104 interdicenda
540 1033 654 1102 iterdm
669 1049 761 1128 atque
783 1035 897 1103 iterum
915 1036 1071 1104 malorum
1093 1039 1280 1108 commercia

251 1131 469 1226 ordinariaque
493 1144 582 1200 aetate
610 1128 669 1196 hae
693 1130 817 1200 vivendi
838 1129 987 1216 licentia,
1008 1132 1114 1200 omnia
1138 1132 1280 1217 demirm,

250 1227 344 1296 etiam
365 1227 423 1295 sub
446 1251 501 1321 spe
524 1224 714 1293 matrimonii
735 1225 876 1320 proxime
902 1225 1016 1308 futuri,
1041 1253 1110 1296 cum
1135 1229 1279 1324 personis

250 1321 376 1390 alterius
396 1323 488 1392 sends
501 1335 620 1391 secreta
639 1335 670 1389 et
691 1323 777 1390 extra
790 1337 955 1419 parentum
977 1338 1173 1419 conspectum
1187 1323 1282 1394 colle·

152 1483 155 1494 ,
211 1453 216 1466 ·
274 1443 339 1486 ura.

251 1441 273 1512 q
292 1513 367 1582 Non
380 1511 470 1580 tarde
484 1509 525 1580 ad
545 1509 777 1580 matrimonium
790 1508 938 1580 hortandr
954 1513 1009 1608 qui
1022 1513 1140 1582 nubere
1152 1511 1281 1600 volunt,

249 1623 280 1676 et
291 1609 332 1676 ad
340 1607 428 1690 illud,
439 1635 475 1676 ex
485 1605 690 1703 propensione
699 1605 1056 1702 praesertimhoncstdad
1066 1609 1163 1679 alium
1171 1603 1281 1681 sexum

250 1718 327 1772 etex
342 1709 449 1770 amore
463 1701 572 1796 prolis,
587 1701 688 1768 vocati
702 1701 861 1771 videntur.

291 1797 379 1887 Quin
394 1811 424 1863 et
437 1821 492 1889 per
515 1811 785 1864 sacramentorum
803 1795 1052 1865 interdictionem
1070 1793 1201 1889 cogendi
1225 1798 1280 1894 qui

249 1894 290 1962 ad
303 1891 534 1959 matrimonium
549 1891 650 1960 vocati
672 1908 758 1973 sunt,
777 1891 803 1959 si
826 1891 1026 1986 protrahant,
1043 1897 1114 1962 ciem
1126 1893 1171 1962 ita
1188 1894 1280 1963 vehe-

249 2001 367 2056 mentes
381 1985 495 2054 habent
508 1986 646 2054 camales
659 2011 680 2053 a·
700 1986 813 2082 petitus
828 1985 961 2055 utnulla
979 1987 1047 2057 fere
1061 1987 1101 2056 sit
1114 2013 1184 2084 spes
1195 1991 1279 2084 quod

249 2083 311 2173 alio
329 2080 468 2150 remedio
489 2097 616 2176 peccata
633 2014 759 2166 tolient,
780 2097 809 2150 et
822 2078 897 2176 quia
914 2081 1045 2178 quisquc
1059 2097 1181 2152 tenetur
1196 2110 1279 2154 assu-

248 2204 335 2262 mere
356 2177 494 2246 remedia
507 2176 642 2272 peccatis
662 2177 743 2257 suis;
761 2193 792 2246 et
809 2177 883 2270 quia
901 2179 929 2246 si
946 2179 1000 2247 dir'r
1021 2177 1055 2245 in
1068 2179 1280 2276 voluptatibus

248 2279 319 2342 aute
331 2271 564 2340 matrimonium
577 2272 771 2354 sordescant,
782 2300 840 2341 nec
857 2290 927 2370 post
941 2276 1015 2344 casti
1032 2289 1133 2346 erunt.
1182 2321 1184 2325 -

290 2367 356 2458 Qui
370 2371 446 2434 vero
461 2367 723 2436 amorecastitatis
736 2367 1149 2462 celibatum‘amplectuntur,
1164 2370 1281 2442 suntin

247 2468 314 2530 tam
324 2458 408 2531 felici
424 2461 583 2570 proposito
599 2461 818 2541 cdnfirmandi3
838 2463 892 2558 qui
906 2479 1010 2532 autem
1023 2490 1059 2533 ex
1073 2465 1276 2548 necessitate,
1362 2509 1365 2519 .

247 2559 289 2628 ad
302 2583 440 2625 amorem
449 2567 498 2623 sur
512 2556 609 2626 stares
623 2555 811 2642 adducendi,
825 2557 907 2627 dono
921 2559 1070 2628 castitatis
1084 2565 1104 2630 d
1123 2559 1210 2645 Deo,
1222 2561 1279 2657 qui

247 2665 310 2722 non
322 2652 527 2757 improperat,
543 2650 711 2746 postulato.

290 2745 355 2812 Sed
365 2759 446 2811 mter
459 2745 587 2833 juvenes
602 2743 678 2810 curd
691 2742 833 2834 indigent
845 2742 972 2840 speciali
987 2743 1040 2839 qui
1054 2743 1095 2815 ad
1106 2759 1218 2816 statum
1229 2769 1278 2816 re-

247 2837 372 2930 ligionis
390 2852 442 2904 aut
460 2834 639 2905 clericalem
656 2863 690 2906 se
709 2837 875 2908 destinant..
893 2839 995 2908 Omni
1009 2837 1076 2908 zelo
1093 2845 1168 2934 erge
1180 2841 1278 2910 addu-

247 2933 338 3002 cendi
352 2932 502 3002 advitam
516 2931 632 3001 castam
655 2932 821 3030 piamque,
837 2934 1027 3005 ostendendo
1044 2935 1126 3020 iltis,
1143 2961 1276 3036 (Forum

246 3055 310 3100 non
323 3027 393 3099 [alis
410 3027 474 3097 rita
488 3034 639 3124 quantiam
656 3029 817 3130 proposito
830 3044 920 3126 terga
933 3045 1065 3101 vertant.
1242 3029 1255 3038 ’

728 3208 790 3274 sv.

414 3368 473 3415 cnm
481 3367 513 3418 its
522 3366 566 3429 qui
575 3379 602 3416 se
609 3367 641 3416 ad
650 3365 838 3420 matrimonium
843 3363 956 3430 proxime
963 3366 1106 3432 disponunt.

290 3521 361 3610 723.
381 3517 426 3586 Hr
441 3517 558 3615 pluries
571 3517 606 3586 in
626 3517 819 3586 confessione
836 3517 1002 3602 audiendi,
1017 3517 1045 3588 si
1058 3517 1218 3615 possibile.
1234 3515 1275 3585 ln

245 3613 363 3708 primic,
383 3641 478 3708 quam
497 3613 604 3698 citir'rs,
623 3612 737 3697 (tribus
758 3611 884 3681 circiter
898 3613 1009 3682 saltem
1029 3618 1099 3684 ant'c
1113 3609 1273 3680 matrimo-
1287 3635 1293 3642 ¹·

246 3709 333 3796 nium
344 3708 564 3795 hebdomadis)
576 3706 643 3775 fieri
654 3705 824 3800 saepissimd
831 3707 1042 3778 necessarium
1054 3723 1111 3788 est,
1124 3703 1272 3773 monendi

246 3821 279 3892 ut
295 3805 472 3900 nuptiamm
482 3803 565 3871 diem
575 3800 636 3868 nisi
648 3800 688 3870 de
698 3801 859 3896 utriusque
869 3802 1050 3872 confessarii
1062 3797 1194 3868 consilio
1209 3824 1273 3868 non

248 3900 466 3978 determinent3
483 3913 516 3966 ut
524 3913 646 3990 tempus
656 3898 844 3996 sponsalium
855 3899 890 3969 in
903 3897 1036 3992 quodam
1048 3893 1137 3994 quasi
1150 3919 1272 3974 recessu
