2926 4680
379 203 394 234 ,
449 205 456 217 .

245 295 315 381 402
574 303 628 355 nn
644 296 943 354 vsttcriamnnro
1164 375 1165 378 Ν

284 392 371 466 Nota
383 423 392 460 ι
404 386 546 459 Pastoris
561 402 608 456 est
620 384 792 455 zelouetati
802 377 960 477 impedire
971 405 1131 486 proposse
1143 372 1276 450 divortia

196 475 199 483 ¹
239 491 283 561 ad
292 488 492 558 concordiam
504 482 680 552 revocando
690 480 957 560 dissidentes,nec
967 477 1277 546 absolvendonocen-

239 603 287 656 tes
308 587 344 654 ni
367 584 513 664 redeant,
527 579 675 647 mulieres
697 579 871 673 praesertim
888 597 1045 656 morosas,
1069 588 1174 643 sentes
1192 580 1275 667 saepe

238 688 341 772 magis
356 685 451 773 quam
465 675 584 750 mariti.
857 689 861 698 '
1071 705 1081 722 -v

281 776 349 845 Ubi
362 793 468 843 tamen
481 773 627 861 conjuges
648 767 810 861 aequaliter
823 766 887 847 rei,
903 765 1027 858 sibique
1046 767 1087 833 ad
1102 780 1274 834 extremum

239 871 328 953 irati,
344 883 589 964 supponerentur
603 865 707 934 animo
722 864 767 932 iti
779 863 919 932 funditis
933 861 1093 930 discordes
1108 877 1139 930 et
1156 879 1274 930 contra·
1307 898 1311 904 .

239 967 280 1036 rii
302 981 336 1033 ut
356 965 441 1032 nulla
462 989 533 1056 spes
553 961 717 1050 aflulgcret
731 960 815 1051 qubd
837 956 957 1054 possint
973 955 1116 1026 habitare
1130 959 1272 1053 pacificis,

239 1061 340 1132 sehim
354 1059 506 1127 invitandi
517 1075 550 1126 ut
562 1056 624 1124 sibi
639 1057 824 1136 condonent,
840 1069 1019 1122 nouantem
1033 1069 1067 1120 ut
1081 1053 1270 1130 cohabitent,

235 1151 412 1246 praesertim
425 1154 452 1222 si
468 1155 533 1242 ejus
548 1153 610 1220 sint
618 1152 721 1220 aetatis
737 1171 807 1244 qum
822 1148 965 1218 excludat
978 1148 1206 1234 incontinentiae
1220 1176 1273 1247 pe-

238 1250 385 1318 riculum.
464 1275 470 1286 ·
499 1295 516 1314 ,-
629 1249 632 1254 ’

280 1343 365 1414 Nota
381 1344 496 1412 iterdm
512 1373 520 1409 ι
537 1342 674 1412 Possunt
690 1341 860 1433 conjuges,
883 1353 918 1406 ut
935 1337 1080 1433 pietatem
1100 1337 1271 1435 impensids

237 1438 356 1524 colant,
376 1464 414 1507 ex
430 1454 538 1507 mutuo
560 1453 591 1507 et
608 1435 789 1540 confessarii
803 1458 971 1516 consensu,
983 1435 1090 1526 quoted
1107 1453 1210 1534 torum
1223 1463 1271 1508 se

235 1535 355 1630 parari.

241 1734 244 1744 ·
268 1711 306 1778 (e)
316 1715 393 1764 (lausa
403 1715 457 1763 haec
466 1710 517 1762 iere
527 1711 577 1760 sola
592 1710 619 1758 ln
629 1708 708 1758 satiri
718 1709 868 1778 admittitur.
880 1713 960 1761 collet-

191 1819 197 1829 .
267 1781 302 1846 (b)
314 1785 346 1832 Ut
355 1785 376 1830 si
388 1785 428 1830 vir
436 1781 536 1829 insidias
546 1780 632 1828 uxoris
642 1779 699 1828 vite
710 1779 851 1839 paraverit,
862 1781 903 1828 vel
915 1793 970 1828 eam
980 1779 1094 1830 occidere
1103 1779 1268 1844 minatussit,

188 1887 191 1893 l
236 1845 258 1895 si
267 1851 347 1900 minas
357 1851 449 1910 exequi
460 1849 547 1907 soleat,
557 1849 578 1895 si
589 1847 666 1895 minis
674 1848 790 1906 paribus
799 1847 949 1896 accesserint
958 1850 1056 1907 injuria
1067 1851 1169 1900 malave
1177 1853 1268 1901 uncte

233 1920 329 1978 tiones,
339 1917 496 1966 correctionis
506 1916 626 1964 terminos
635 1916 799 1973 excedentes,
810 1920 981 1978 percussiones
993 1931 1093 1980 mares,
1104 1920 1209 1969 verbera
1219 1923 1267 1970 inr-

234 1990 370 2037 mederata.
379 1989 478 2048 Sylvius.

265 2057 327 2106 Item
338 2057 422 2104 odium
439 2053 611 2114 implacabile,
620 2053 702 2114 iurgia
711 2053 845 2114 continua,
855 2056 978 2104 convicia.
989 2057 1046 2118 cap.
1057 2061 1195 2108 trommieee
1200 2093 1209 2118 ,
1219 2059 1266 2107 lib.

233 2122 420 2183 decretalium,
444 2124 484 2171 tit.
498 2126 537 2171 is.
738 2167 740 2172 ,

267 2194 362 2241 addunt
378 2193 491 2238 morbum
502 2193 684 2252 contagiosum,
700 2194 722 2240 si
740 2192 893 2242 medicorum
909 2193 1004 2252 iudicio
1019 2194 1083 2244 adsit
1091 2195 1122 2245 ob
1132 2197 1213 2245 torum
1223 2195 1266 2246 aul

233 2256 411 2307 habitationem
422 2259 563 2306 iniectionis
573 2261 713 2318 periculum
723 2273 730 2320 ;

263 2329 294 2373 nt
304 2327 324 2372 si
335 2327 451 2385 prodigus
462 2338 573 2384 eompars
585 2328 706 2386 dilapidet
715 2327 780 2374 bona
789 2329 899 2387 conjugis
907 2331 950 2377 aut
960 2330 1051 2389 prolis3

262 2392 322 2441 Etsi
333 2389 421 2438 uxori
432 2393 486 2439 viro
504 2393 536 2439 de
554 2394 705 2450 gravissimis
723 2396 853 2443 accusetur
868 2397 1015 2448 criminibus
1031 2411 1087 2458 quas
1100 2401 1200 2460 probari
1215 2413 1265 2450 nou

231 2462 344 2522 possent;
668 2511 673 2527 ι
829 2487 831 2493 -

233 2543 236 2548 ·
261 2530 291 2576 nt
302 2529 322 2575 si
331 2528 420 2576 timeat
427 2527 563 2589 prudenter
572 2528 665 2577 involvi
677 2529 703 2576 in
713 2528 858 2578 criminibus
866 2531 958 2579 mariti.
969 2533 1050 2590 Vetti·
1072 2583 1074 2588 ,

261 2599 298 2646 De
310 2599 349 2646 his
361 2599 386 2646 et
394 2599 517 2646 similibus
526 2599 634 2659 prudens
644 2598 751 2658 iudicet,
764 2600 809 2647 sed
817 2599 928 2648 attendat
937 2612 1097 2660 personarum
1106 2600 1264 2662 qualitatem.

107 2646 115 2660 ’
141 2701 143 2706 <
230 2669 292 2717 Nam
302 2681 380 2716 causa
389 2682 444 2730 quae
454 2681 499 2732 pro
507 2667 616 2729 plebeia,
624 2669 690 2725 rudi,
698 2667 805 2729 perdite,
814 2670 964 2720 sufficientes
970 2670 1205 2733 noniudicarentur,
1212 2673 1265 2754 sut:

230 2739 306 2785 licere
316 2740 415 2796 possent
425 2751 469 2798 pro
482 2738 574 2798 nobili,
585 2738 676 2798 pudica
685 2771 693 2799 ,
703 2737 833 2798 morigeri.

590 3042 593 3050 ¹
623 3027 787 3091 uAPUT
807 3032 859 3093 ΙΙ.

469 3229 471 3234 ν
507 3210 544 3244 bit
560 3209 775 3246 intimandis
790 3212 980 3263 UTRJHOMI·

271 3340 345 3406 828.
367 3339 453 3408 Auis
475 3354 547 3408 sunt
567 3338 751 3434 simpliciter
767 3339 978 3435 prohibentia,
995 3340 1179 3436 ‹pribuscum
1195 3343 1256 3412 illi·

134 3423 137 3431 *
229 3433 290 3500 cit‘e
305 3434 432 3524 quidem
443 3437 592 3525 graviter,
609 3437 664 3505 sed
675 3435 794 3516 validc;
813 3447 815 3452 ’
1130 3439 1132 3448 ’

269 3527 345 3595 Alia
362 3527 538 3597 dirimentia
549 3530 693 3599 dicuntur
708 3531 892 3624 quibuscum
907 3548 936 3601 et
950 3531 1058 3602 illicite
1072 3530 1210 3627 graviter
1222 3549 1254 3603 et

227 3618 363 3689 invalide
377 3623 606 3694 matrimonium
620 3627 825 3696 contrahitur.

269 3714 320 3823 lis
335 3713 549 3824 dirimentibus
564 3721 626 3790 alie
634 3737 706 3816 sunt
716 3722 795 3822 juris
805 3723 970 3814 naturalis3
986 3721 1049 3817 alia
1060 3720 1138 3821 juris
1152 3721 1253 3793 <livini

229 3825 365 3902 possiem.
1170 3820 1175 3829 '
