2950 4680
526 305 833 385 ,nccrrstrat
975 322 987 342 1
1160 297 1232 386 273

201 408 250 478 bis
270 421 323 477 aut
346 405 395 476 ter
416 388 601 478 inculcanda
615 405 831 475 estmcmoriae
843 402 1038 499 poeuitentiu,
1055 417 1086 471 et
1099 395 1140 472 dc
1150 425 1231 472 novo
1305 457 1317 481 ,

107 499 111 506 ’
203 519 272 596 post
282 505 387 572 datam
401 503 640 587 ahsolutionem,
653 501 792 596 alioquin
803 499 971 596 saepissimd
983 503 1000 569 le
1013 515 1119 573 mento
1127 497 1232 594 poeni-

202 599 294 671 tentis
306 599 439 668 excidet.
586 621 589 624 ·
913 671 916 676 ¹
1099 671 1102 677 ,
1275 599 1279 611 “

243 693 313 764 lmo
335 696 416 785 saepi
435 691 560 786 expedit
576 706 647 785 post
668 690 893 760 absolutionem
915 687 1019 760 dicere
1043 689 1204 785 poenitenti
1222 721 1230 761 a

202 789 416 858 Meministine
438 787 658 874 penitentie?
679 785 782 866 Illius,
795 796 869 875 post
897 784 1057 856 extumo
1079 786 1235 862 tribunali

202 895 424 955 memorarent
437 885 551 952 iterum
566 884 600 950 in
615 884 721 951 domo.

146 969 149 974 ’
177 991 180 994 ’
244 971 424 1076 Aliquando
438 979 604 1076 scriptura,
617 978 697 1048 nulli
710 977 802 1049 alteri
814 977 897 1049 lectu
910 976 1008 1066 facili,
1019 975 1167 1046 notanda.

151 1217 152 1222 ,
167 1142 176 1154 ’
234 1174 272 1240 (u)
284 1176 311 1225 td
321 1175 517 1225 convenientius.
528 1173 577 1224 Sed
587 1175 675 1223 saltem
683 1170 766 1223 statim
775 1171 830 1234 post
840 1172 1020 1224 absolutionem
1029 1171 1194 1234 imponenda,
1206 1177 1235 1223 ut

203 1245 278 1294 iaciat
288 1257 365 1294 unmn
376 1247 457 1304 actutu
465 1245 623 1304 judicialem.

234 1311 293 1375 Ergo
304 1315 325 1362 si
339 1315 514 1377 poenitentiam
528 1314 658 1373 imponere
674 1309 835 1360 obliviscatur
845 1309 1022 1369 confessarius,
1040 1309 1172 1360 sustollat
1186 1313 1234 1360 sta-

202 1384 318 1466 ttntpoet
331 1383 512 1433 absolutionem
529 1381 599 1432 ittam
614 1381 739 1444 imponat,
753 1391 800 1428 uec
817 1380 877 1428 tunc
893 1377 1029 1438 repetenda
1044 1377 1121 1428 forma
1135 1381 1234 1428 absolu-

202 1455 332 1587 tillislruo
342 1534 392 1570 nou
402 1516 521 1581 consuat
539 1519 560 1567 st
578 1515 763 1568 locusttrnendi
773 1515 807 1565 sit
820 1528 853 1566 ne
863 1513 960 1576 lougius
975 1475 1234 1568 differaturccutessto

201 1604 316 1660 sequens.
327 1587 396 1654 sapt
408 1589 511 1652 expedit
523 1589 583 1671 tunc
594 1588 623 1637 ut
632 1597 682 1635 uuo
692 1588 735 1635 aut
746 1585 832 1647 paucis
839 1585 934 1635 actibus
944 1585 1022 1648 possit
1031 1586 1140 1648 impleri.
1171 1641 1173 1646 ,

665 1698 780 1716 unu—.—

243 1759 317 1844 697.
328 1747 527 1821 Poenitentiae
540 1747 609 1818 aliae
623 1762 694 1817 sunt
705 1745 864 1838 generales
874 1771 944 1840 quae
957 1746 1112 1832 omnihus
1127 1775 1234 1844 excep·
1303 1805 1307 1812 .

200 1848 244 1938 tis
256 1845 455 1940 excipiendis,
467 1843 741 1940 imponi‘possuut,
751 1858 786 1910 ut
799 1841 927 1934 jejunia,
941 1841 1155 1936 cleemdsynce,
1165 1872 1238 1915 ora·
1313 1853 1322 1889 ·'

204 1945 303 2012 tiones
314 1958 344 2010 et
356 1939 504 2009 mentales
516 1955 547 2008 ct
557 1938 699 2028 vocales,
715 1952 978 2006 sacramentorum
988 1938 1133 2032 frequens
1144 1967 1233 2017 usus,
1337 1987 1343 1997 -

197 2037 371 2129 ,missarum
384 2035 519 2114 auditio,
536 2034 597 2104 SS.
620 2033 806 2104 sacramenti
828 2030 979 2114 visitatio,
1001 2058 1130 2103 examen
1155 2063 1235 2105 con-

205 2131 339 2202 scientiae
354 2130 483 2222 singulis
498 2130 627 2209 dicbus,
643 2128 849 2225 repetitioquc
860 2125 952 2219 hujus
967 2129 1115 2198 examinis
1124 2132 1235 2202 diebus
1281 2144 1289 2157 '

205 2227 381 2310 dominicis,
397 2226 457 2320 piae
470 2224 631 2309 lectiones,
646 2250 754 2319 preces
765 2239 871 2307 noctu,
887 2224 983 2293 durus
996 2223 1167 2296 identidem
1184 2257 1236 2298 cu-

204 2323 298 2406 bitus,
312 2321 480 2416 flagellatio
491 2347 584 2416 super
598 2321 757 2404 humeros,
773 2318 867 2388 cilicii
878 2320 970 2389 certis
985 2321 1092 2392 diebus
1104 2324 1237 2416 gestatio
1291 2327 1295 2336 '

205 2420 267 2506 (a),
284 2434 314 2487 et
327 2445 386 2514 pro
401 2419 478 2487 dur'e
490 2416 701 2489 laborantibus
712 2415 812 2485 aliave
832 2415 898 2484 sive
911 2416 945 2484 in
958 2444 1108 2512 corpore,
1124 2421 1237 2491 sivein
1295 2487 1302 2505 ,

203 2527 307 2583 mente
320 2515 403 2582 mala
415 2512 616 2608 patientibus,
632 2511 745 2579 hortun
759 2511 799 2578 ad
817 2511 924 2581 Deum
937 2511 971 2580 in
994 2514 1253 2586 satisfactionem
1307 2546 1319 2558 ·

202 2609 320 2678 oblatio
334 2635 405 2678 cum
415 2609 528 2700 unione
539 2605 816 2700 Christopaticuti.
1092 2611 1095 2620 ’
1223 2685 1227 2696 ι

246 2702 329 2772 Aliae
344 2702 557 2798 particulares,
584 2727 640 2770 seu
653 2702 758 2785 vitiis,
777 2701 890 2795 quibus
907 2699 1055 2796 proclivis
1071 2717 1118 2772 est
1131 2707 1238 2800 poeni·

130 2817 137 2830 ·
204 2813 285 2882 tens,
307 2797 475 2893 oppositae,
497 2796 606 2889 haeqm
626 2813 753 2892 possunt
772 2823 838 2866 esse
854 2801 1031 2866 communes
1048 2813 1083 2866 ut
1097 2800 1154 2886 (et
1170 2801 1238 2872 haec

205 2892 344 2961 omnium
362 2893 581 2979 saluberrima)
590 2891 820 2990 firmprrnman'e,
835 2892 900 2961 imo
919 2893 1050 2963 meridie
1065 2906 1095 2963 et
1107 2904 1238 2992 vespere

226 2986 397 3082 repositum
413 3012 483 3054 eum
495 2985 711 3080 imploratione
725 2987 832 3056 auxilii
843 2986 959 3070 divini,
975 2988 1038 3058 tale
1051 2990 1085 3056 in
1104 2993 1238 3086 particu-

204 3015 265 3152 liri
277 3098 439 3179 peccatum
448 3081 579 3163 vitandi,
587 3081 723 3179 taleque,
734 3083 775 3152 ad
786 3082 865 3151 illud
874 3083 1048 3166 vitandum,
1060 3086 1237 3156 assumendi

206 3180 344 3247 medium
365 3179 425 3263 (b);
451 3178 597 3270 cogitatio
616 3177 776 3270 gehenna,
801 3177 932 3247 instante
956 3178 1137 3264 tentatione,
1160 3197 1235 3264 etc..

165 3303 169 3308 ·
196 3273 284 3369 'susae
295 3286 368 3340 tunc
379 3271 548 3341 ferventius
561 3274 602 3341 ad
611 3274 717 3342 Deum
730 3299 851 3369 preces,
869 3289 929 3342 etc.

248 3365 292 3435 Et
305 3382 432 3462 possunt
446 3391 512 3435 csse
524 3368 726 3461 particulares
741 3367 938 3464 simpliciter,
950 3395 982 3437 v.
997 3389 1061 3460 gr„
1072 3368 1237 3464 prascribi
1307 3381 1310 3385 ’
1345 3416 1352 3428 -

207 3477 308 3556 potest
320 3461 475 3531 iracundis
492 3477 526 3530 ut
538 3466 643 3532 statim
660 3480 732 3560 post
744 3464 826 3532 iram
839 3479 942 3532 actum
958 3457 1075 3534 iaciant
1087 3489 1237 3536 mansue-

206 3555 336 3635 tudinis;
349 3555 503 3650 superbis,
514 3572 615 3626 actum
629 3557 824 3640 humilitatis;
839 3557 1016 3641 luxuriosis,
1029 3574 1133 3628 actum
1145 3582 1236 3629 mur-

204 3650 381 3723 tilicationis
406 3652 586 3748 corporalis;
612 3654 738 3738 invidis,
759 3655 818 3726 vel'
833 3654 933 3724 avidis
945 3655 1113 3740 ¹vindictae,
1133 3673 1236 3726 actum

206 3747 476 3844 amorisproximi;
486 3743 1230 3846 auaris,pleemosynam;helluonibus,jejuniurn.

205 3844 363 3915 Omnibus
371 3845 714 3916 sensutmrmortilicatio
722 3846 1231 3992 etcustodiafortiterconasulcndae,

284 3951 309 3987 2·
332 3971 337 3979 ·
1063 3956 1075 3992 Ι
