2964 4674
226 325 305 394 m,
379 323 434 375 DE
455 321 621 389 ,QUINTO
643 323 695 376 ET
715 321 847 376 SEXTO
868 318 1102 374 eumenum

216 463 221 476 ,
257 408 294 474 (α)
305 409 409 459 Videtur
420 423 453 461 ex
461 413 492 458 D.
500 409 601 471 rhama,
611 412 651 460 cui
661 423 711 458 nou
718 409 791 471 pauci
801 410 951 469 assentiunt,
962 409 1061 469 potum,
1072 408 1147 457 etiam
1156 406 1253 473 aliqua·

222 478 284 530 liter
294 481 452 540 nutritivum,
464 481 492 528 ut
499 481 593 540 vinum,
604 481 722 538 mulsum,
734 479 866 538 cerevisia,
876 477 936 538 cesd,
946 473 1069 536 etc.,imd,
1077 475 1148 536 iuxta
1157 481 1252 542 aliquos

198 600 204 610 ,
224 549 342 608 odoratui,
350 533 420 610 posse
431 549 546 610 equidem
554 549 789 614 contrariarivirtuti
801 547 980 607 temperantiae,
989 546 1032 593 sed
1042 559 1090 593 non
1102 548 1151 607 legi
1160 548 1250 608 jejunii

161 645 172 664 -.
223 617 273 666 uisi
286 621 415 670 sumantur
427 618 591 684 intrandam
602 618 659 677 quia
670 618 777 666 Ecclesia
787 629 835 664 non
845 615 954 664 intendit
968 615 1117 664 interdicere
1131 621 1251 680 suruptio-

201 690 205 694 ’
224 697 283 734 nem
293 685 366 747 petris
375 687 415 747 qui
428 688 533 736 sumitur
542 684 619 744 magis
630 686 660 734 ad
676 687 848 734 alterationem
866 685 998 732 sedandam
1012 681 1085 744 qudm
1095 687 1126 734 ad
1137 689 1251 738 nutritio·

223 766 295 814 uem,
306 751 365 804 licet
373 757 454 817 aliquo
463 756 534 806 ruodo
544 755 644 802 nutriat.
658 756 714 802 ilaec
726 756 794 802 enim
805 767 856 807 non
867 755 923 801 surrt
934 753 965 802 de
976 767 1002 801 se
1013 755 1250 807 admanducandum

167 843 168 846 ¹
214 824 348 884 ordinata,
359 824 402 872 sed
412 836 456 884 per
467 838 496 872 ea
507 825 662 872 manducatio
681 825 743 872 solet
752 825 869 884 compleri
877 827 921 883 ,et
930 837 1014 872 eorum
1026 838 1085 873 usus
1095 828 1250 876 manducatio

215 901 273 1008 ¹{tlon
281 895 383 940 vocatur
391 893 562 953 communiter.
573 893 636 941 Vide
646 893 799 942 bubonam
809 893 837 940 iu
846 891 870 940 d.
881 893 938 941 dist.
949 893 987 952 lt,
996 906 1021 953 q.
1032 895 1067 954 5.,
1078 895 1124 944 art.
1136 895 1160 958 b,
1170 909 1251 957 quaea-

236 959 334 1007 'uncula
349 963 373 1010 l.
983 999 986 1008 ι

252 1029 302 1078 Sed
311 1032 371 1090 quid
381 1030 498 1090 iutelligit
508 1030 532 1077 S.
544 1031 635 1079 Ductor
653 1042 699 1091 per
713 1031 789 1090 fucere
807 1033 833 1078 iu
843 1029 966 1090 fraudem?
976 1025 1051 1078 luxu
1070 1031 1165 1092 aliquos
1175 1035 1251 1083 intel-

220 1093 279 1156 liert
289 1096 446 1146 immoderati.
466 1093 542 1146 suxit
562 1100 675 1158 alios‚¹ec
685 1102 736 1147 solet
745 1101 870 1159 voluptate.
882 1101 908 1146 P.
928 1100 983 1146 rint.
995 1094 1009 1146 ὶι
1020 1101 1112 1148 Goritia
1124 1104 1249 1154 existimat

212 1177 272 1212 ¹nou
282 1169 320 1226 agi
332 1169 357 1215 in
369 1169 493 1227 fraudem,
505 1167 552 1214 etsi
570 1169 664 1228 liquida
674 1181 724 1215 non
744 1169 871 1216 smnantur
886 1168 916 1215 ad
926 1168 992 1214 sitim
1007 1170 1212 1230 extinguendam,
1224 1176 1249 1222 et

222 1235 391 1285 reclinandum
402 1237 576 1296 digestionem,
588 1237 632 1285 sed
643 1237 674 1284 ad
683 1238 778 1290 ventris
789 1237 877 1284 famem
889 1238 1087 1296 propulsandam.
1099 1239 1159 1286 Vide
1167 1237 1248 1288 adlrde

221 1299 249 1353 S.
259 1305 414 1353 Doctorcmb
425 1306 453 1365 2,
465 1319 489 1366 q.
498 1306 542 1364 27,
553 1306 600 1352 art.
611 1307 626 1353 6
637 1306 668 1353 ad
678 1306 702 1353 2.
714 1300 838 1366 blimart,-
847 1307 889 1365 qui
901 1305 926 1352 S.
937 1306 1049 1353 Doctoris
1065 1309 1172 1354 mentem
1180 1309 1249 1356 urdi-

165 1394 171 1412 ι
221 1369 292 1420 narie
301 1373 388 1421 saltem
398 1374 497 1422 ridetur
507 1370 600 1435 optime
618 1374 728 1434 assequi,
741 1375 867 1422 existimat
880 1387 940 1420 euru
955 1387 1000 1432 per
1011 1375 1086 1435 secere
1097 1379 1121 1424 iu
1130 1379 1246 1437 fraudem,

221 1440 361 1502 intelligere
371 1457 461 1491 sumere
470 1458 513 1504 per
522 1446 617 1490 modum
627 1445 711 1501 cibi,id
721 1445 771 1502 est,
784 1443 815 1489 ad
820 1443 1052 1495 sedandam‘tarnem
1064 1446 1126 1492 etad
1136 1448 1247 1496 nutrien-

221 1509 291 1558 dum.
303 1513 339 1559 Ad
349 1513 374 1559 id
385 1512 455 1560 enim
463 1513 532 1559 cibus
543 1513 677 1560 ordinatur.
686 1513 761 1560 Addit
771 1513 837 1559 idem
849 1513 976 1571 theologus
985 1513 1106 1560 ternosuur
1116 1515 1246 1575 adagiuma

221 1585 347 1643 Liquidum
356 1595 404 1646 uera
414 1583 503 1641 srauqit
507 1582 632 1642 jejunium,
642 1576 766 1642 nunquam
777 1581 852 1630 ruisse
861 1576 1014 1630 dS.Doctore
1021 1583 1147 1644 traditum,
1159 1587 1184 1632 et
1195 1597 1248 1633 esse

209 1652 311 1698 'falsum
322 1651 357 1709 1⁰,
368 1650 426 1708 quia
436 1647 496 1696 lieet
514 1651 592 1696 omnis
606 1652 679 1710 potus
694 1650 726 1698 sit
736 1651 872 1710 liquidum,
884 1663 956 1698 omne
967 1654 1050 1700 tamen
1065 1653 1248 1713 liquidumnou

210 1716 353 1782 ‘estpotus,
364 1723 393 1769 ut
403 1721 471 1780 patet
482 1721 512 1767 de
532 1721 610 1779 lacte,
618 1721 729 1782 tusculo,
752 1723 855 1770 cbocolot
867 1723 892 1771 et
908 1724 1044 1784 similibus;
1063 1725 1098 1783 2⁰,
1110 1727 1167 1785 quia
1176 1721 1247 1784 iuxtd

141 1815 147 1830 -
210 1791 338 1839 'eumdem
348 1791 373 1836 S·
384 1789 527 1848 Ductorem,
537 1791 607 1849 potus
619 1791 695 1838 otiam
703 1787 803 1851 proprie
813 1792 894 1838 dictus
905 1792 984 1851 potest
1003 1805 1048 1851 per
1059 1795 1172 1842 accidens
1183 1795 1248 1842 irau-

208 1869 279 1922 'qere
289 1860 425 1920 jejunium,
433 1859 453 1906 si
464 1855 553 1918 rrcrupd
564 1860 675 1906 sumatur
685 1873 730 1919 per
740 1860 840 1907 modum
851 1861 915 1919 cibi,
924 1863 967 1909 aut
984 1861 1004 1908 si
1016 1863 1137 1910 contraria
1147 1865 1181 1912 sit
1189 1875 1247 1914 con·

207 1931 325 1995 *suetudo
338 1927 347 1992 (
359 1929 424 1977 utin
435 1927 687 1988 Gallidiuquitdollet
699 1927 718 1990 l.
981 1970 984 1975 ,
998 1957 1002 1966 -
1156 1958 1160 1970 -ι

202 1994 210 2001 “
251 2001 330 2060 Atque
349 2000 401 2047 baec
422 1999 586 2057 cousuetudo,
604 2011 658 2057 quae
675 2011 725 2046 non
744 1997 782 2046 est
799 1998 892 2058 ubique
912 1997 1012 2058 eadem,
1031 2001 1115 2059 regula
1126 2003 1247 2064 estquam

208 2067 324 2133 'quisque
335 2069 405 2128 sequi
416 2067 503 2128 debet,
514 2068 571 2126 quia
581 2069 661 2128 potest
668 2068 749 2127 legem
760 2068 840 2115 facere
847 2101 855 2126 ,
863 2069 928 2115 sicut
935 2067 1074 2118 umdidcare
1086 2072 1111 2118 et
1121 2073 1246 2134 abrogare.

208 2155 214 2167 ι
250 2139 303 2185 Νοιι
322 2138 487 2198 inquietarem
505 2133 562 2195 ergo
577 2149 618 2183 eos
636 2137 678 2196 qui
690 2132 812 2183 stomacho
829 2136 1095 2197 laborantes,.liquida
1113 2141 1198 2200 potant
1216 2144 1248 2192 acl

219 2207 383 2269 digestionem
393 2204 418 2252 et
427 2205 497 2264 quasi
508 2217 553 2264 per
560 2204 661 2252 ,modum
671 2205 814 2262 medicinae,
826 2203 875 2252 im'o
886 2218 932 2252 uec
943 2206 963 2252 si
975 2206 1061 2264 aliter,
1073 2209 1116 2254 ubi
1133 2212 1168 2256 sic
1188 2225 1246 2260 usus
1264 2250 1271 2262 ,
1286 2236 1288 2240 ·

219 2277 399 2328 timoratorum.
410 2272 458 2319 Sed
478 2273 620 2331 exciperem
640 2273 759 2330 cbecolot,
780 2269 838 2320 edm
851 2285 880 2320 eo
899 2275 1040 2322 nutriantur
1051 2275 1163 2325 homines
1175 2281 1199 2327 et
1215 2283 1246 2328 ad

218 2343 380 2395 nutriendum
389 2343 507 2388 sumatur.
519 2342 580 2388 item
591 2342 629 2388 lae
640 2340 726 2401 etcule'
735 2343 798 2398 lacte
809 2343 924 2400 mixtum,
936 2343 983 2388 nisi
995 2343 1074 2390 forsan
1086 2347 1177 2394 alicubi
1189 2350 1246 2398 talis

219 2417 324 2470 abusus,
344 2411 365 2458 si
383 2405 446 2457 iurtd
466 2410 596 2469 possibile,
618 2411 644 2458 in
668 2411 872 2459 consuetudinem
891 2411 1025 2468 legitimam
1051 2413 1160 2462 desierit.
1183 2420 1245 2466 ltern

218 2485 263 2534 ubi
275 2478 423 2530 consuetudo
432 2479 513 2526 omnia
529 2479 582 2527 haec
602 2478 744 2540 interdicit,
756 2481 785 2528 ut
799 2480 946 2528 interdicere
956 2479 1055 2529 ridetur
1069 2483 1135 2542 apud
1144 2497 1197 2546 nos,
1207 2488 1244 2536 illi

219 2548 450 2611 obtemperandum·
1045 2610 1048 2620 Ἰ
1234 2605 1238 2613 ,

250 2621 293 2670 Ast
306 2631 419 2680 quaenam
439 2615 635 2677 cibl'quautitas,
651 2619 741 2678 praeter
759 2631 854 2666 coeuam
869 2617 895 2666 et
911 2618 1033 2667 cenulam
1052 2624 1200 2687 requiritur,
1220 2631 1245 2678 et

219 2689 312 2740 suffieit
329 2689 361 2735 ad
381 2687 508 2747 peccatum
525 2685 643 2735 mortale?
664 2685 709 2736 iric
730 2684 836 2736 multdm
851 2689 957 2736 variant.
969 2680 1018 2738 Alii
1034 2689 1164 2752 plusquam
1181 2697 1244 2744 duas

218 2759 317 2816 uncias,
326 2756 369 2803 alii
380 2755 491 2814 tertiam,
503 2755 545 2802 alii
554 2758 674 2817 quartam,
686 2759 851 2816 alii-quintam
861 2759 957 2817 partem
965 2761 1174 2812 coenacordiuariae
1185 2768 1246 2814 assi·

188 2884 190 2888 .
219 2829 303 2888 quant.
314 2805 416 2870 Briluart
426 2826 455 2870 ut
474 2837 573 2883 gravem
587 2826 662 2874 babet
672 2828 835 2887 quantitatem
850 2828 1038 2888 aequivalentem
1050 2831 1099 2878 levi
1107 2832 1244 2897 jentaculo,
1275 2843 1278 2849 ’

220 2898 260 2944 rel
271 2894 387 2951 coenulae,
402 2893 443 2940 vel
454 2894 534 2942 tertiae
548 2895 613 2953 parti
627 2897 806 2962 terreamus
817 2896 918 2944 videtur
931 2897 1001 2956 aliis,
1016 2900 1041 2945 et
1056 2899 1137 2946 forsan
1147 2905 1245 2963 sapien-

219 2963 270 3014 tius
281 2962 404 3024 quantitas
414 2962 516 3010 coenuiae
527 2965 690 3023 aequivalens,
699 2959 748 3010 uui
759 2965 799 3010 vel
810 2963 923 3024 pluribus
936 2967 1032 3013 vicibus
1046 2969 1151 3026 sumpta.

248 3032 314 3092 Quid
322 3030 404 3078 autem
416 3030 445 3078 de
457 3044 486 3078 eo
496 3033 539 3092 qui
547 3027 597 3090 jam
608 3037 704 3092 sumpto
715 3033 770 3079 cibo
782 3033 807 3079 in
816 3033 886 3090 gravi
896 3035 1032 3092 quantitate
1049 3041 1138 3095 praeter
1149 3041 1245 3091 eduam

218 3103 245 3150 et
255 3095 390 3159 cenulam,
401 3095 491 3148 iterum
503 3103 586 3150 cibum
600 3095 774 3160 sumitalaxu
784 3095 876 3160 Deluqo
887 3105 973 3161 peccat
984 3100 1074 3151 iterdm
1090 3109 1244 3172 mortaliter,

208 3171 276 3231 vquia
286 3168 413 3219 continuat
425 3169 547 3228 jejunium
559 3166 669 3230 frangore
684 3169 804 3229 graviter,
816 3171 903 3217 saltem
916 3165 930 3217 a
945 3172 1053 3234 fortiori,
1063 3175 1084 3222 si
1095 3178 1149 3235 post
1158 3191 1244 3228 secun.

115 3294 118 3301 1
206 3235 274 3286 'dam
285 3249 393 3297 coenam,
403 3240 501 3286 tertiam
510 3241 603 3299 sumat3
614 3240 672 3300 quia
679 3239 803 3298 ieiunium
809 3241 886 3287 semel
897 3240 1016 3302 tractum,
1028 3257 1125 3305 semper
1137 3249 1245 3309 obligare

217 3309 330 3366 ridetur,
343 3304 399 3354 cdm
417 3310 567 3369 praeceptum
579 3311 632 3368 ejus
642 3311 674 3357 sit
684 3309 826 3368 negativum
838 3322 935 3370 semper
946 3311 971 3359 et
987 3322 1031 3372 pro
1042 3327 1139 3376 semper
1149 3321 1243 3368 uetans.

187 3376 404 3442 „acclesiacnim
420 3389 496 3426 unam
515 3379 589 3442 solam
604 3379 762 3428 reiectionem
779 3381 1003 3439 permittens,alias
1024 3395 1108 3431 omnes
1119 3389 1243 3445 probibet.

217 3439 286 3493 Unde
297 3445 448 3504 probabilius
458 3442 591 3504 rejicienda
602 3449 723 3496 sententia
731 3449 846 3509 Navarri,
857 3449 967 3510 Ferrari,
980 3453 1037 3510 etc,
1049 3454 1243 3503 existimantium

217 3513 322 3576 tractum
338 3516 414 3561 semel
432 3514 569 3580 jejunium,
581 3513 685 3575 amplids
693 3519 782 3585 'frangi
793 3531 841 3565 non
858 3531 944 3578 posse3
958 3521 982 3567 ct
992 3522 1113 3568 sententia
1123 3524 1149 3569 Ρ.
1162 3523 1216 3570 Ant.
1228 3519 1243 3570 d

171 3629 176 3635 ,,
204 3581 376 3642 ,ὓοιίιὶι,(ριί
388 3583 414 3630 in
424 3583 584 3640 ulterioribus
599 3584 689 3641 jejunii
708 3585 883 3648 tractior'ribus,
900 3589 1057 3651 quantumvis
1073 3592 1182 3652 magnis,
1193 3603 1241 3638 nou

202 3651 344 3714 ‚uidetuisi
357 3652 612 3722 emtarepeccatum,
688 3675 691 3682 ¹
821 3715 823 3718 Ι
1216 3701 1221 3716 ,

217 3724 231 3770 ’.
246 3721 307 3769 Nota
319 3721 385 3778 :Qui
401 3721 514 3781 pluribus
531 3721 570 3774 ad,
578 3719 701 3780 jejunium
719 3721 833 3784 obligatis
841 3725 898 3775 lere
908 3726 968 3786 quid
978 3724 1080 3784 singulis
1093 3727 1124 3774 ad
1138 3727 1243 3775 mandu-

205 3789 322 3837 candum
342 3789 539 3849 preterca-nou
559 3789 608 3841 uisi
618 3790 749 3846 venialiter
758 3795 888 3858 peccaret,
898 3793 1120 3856 quia-quantitates
1128 3807 1173 3857 ριο
1181 3787 1243 3860 prae·

217 3857 350 3911 beuteuou
365 3856 514 3908 coalescunt
1004 3871 1010 3894 ·'
1041 3870 1073 3884 ··
1129 3867 1149 3872 ’·
