2964 4674
366 373 370 389 ι
579 321 836 420 ὐκωιοᾳιζ
918 331 921 338 ’

500 527 508 534 ’
599 502 835 570 Section.
900 569 905 578 x
958 563 960 570 ,

385 657 536 712 Dcextcmt
544 657 652 723 proximi
661 659 828 711 diffamatione
837 652 908 710 extri
916 655 1046 722 iudicium.

243 807 306 878 Frr
318 805 385 878 lraec
394 831 452 905 per
465 805 688 876 detractionem
701 820 731 874 ct
746 802 976 876 contumeliam.

593 978 802 1032 Alt'rthLUS
814 978 834 1024 1.

606 1113 645 1162 De
662 1111 823 1163 detractione.

242 1252 315 1320 506.
333 1248 521 1318 Dnmacrro
531 1245 566 1316 in
578 1260 760 1340 genere'est
772 1243 908 1318 hominis
922 1245 1078 1331 absentis,
1096 1245 1153 1315 etsi
1166 1248 1231 1336 jam

199 1344 334 1428 mortui,
351 1344 467 1434 injusta
479 1343 573 1412 famae
584 1341 771 1434 denigratio.
1046 1409 1052 1412 .

240 1441 278 1509 Si
296 1438 471 1532 denigratio
484 1439 552 1506 haec
566 1439 622 1506 fiat
633 1463 691 1532 per
704 1437 853 1528 injustam
867 1437 1007 1506 criminis
1024 1451 1077 1505 aut
1091 1435 1231 1505 delectds

198 1537 288 1620 veri,
307 1536 363 1606 sed
378 1535 512 1618 occulti,
529 1533 833 1616 manifestationem,
859 1532 1011 1602 detractio
1024 1532 1228 1626 simpliciter;

240 1633 277 1703 si
287 1657 344 1729 per
354 1631 587 1726 impositionem
599 1629 804 1698 criminisaut
814 1627 953 1698 delectds
963 1628 1047 1712 falsi,
1064 1627 1228 1712 calumnia;
1311 1692 1316 1700 ,

239 1729 284 1798 Et
305 1727 333 1797 si
353 1729 394 1796 ad
409 1726 641 1796 dissolvendam
655 1725 842 1808 amicitiam,
857 1724 1029 1794 susurratio
1041 1721 1228 1819 appellatur.
1286 1723 1288 1730 ⁴

240 1823 302 1892 His
314 1822 418 1893 affinis
429 1837 477 1891 est
490 1821 607 1910 injusta
619 1820 838 1888 murmuratio.
926 1835 928 1844 ’
1164 1822 1167 1828 ’

242 1917 324 2007 Quae
340 1917 447 1985 omnia
469 1917 503 1984 in
525 1915 719 1985 confessione
735 1913 953 2008 distinguenda
972 1929 1064 1992 sunt;
1094 1928 1125 1982 et
1146 1913 1231 2006 quod

200 2012 331 2090 horum,
349 2037 389 2080 an
403 2013 530 2094 odium,
552 2037 593 2088 an
605 2011 745 2096 invidia,
763 2027 823 2092 a'n,
847 2025 926 2094 ete,
949 2010 1101 2077 motivum
1114 2007 1230 2090 fuerin

197 2109 414 2206 aperiendum.
881 2105 884 2111 “

76 2274 79 2278 ,
242 2204 360 2273 Varios
377 2203 559 2272 detrahendi
573 2203 683 2290 modos
696 2203 839 2273 versibus
860 2202 1058 2297 sequentibus
1073 2224 1231 2296 expresse-
1275 2254 1279 2262 .

93 2369 99 2374 .
199 2315 282 2384 runt,
297 2326 428 2394 qucum
438 2297 528 2384 unus,
548 2300 681 2369 includit
694 2299 804 2369 modos
817 2299 949 2394 positive
962 2315 992 2369 et
1005 2299 1135 2378 direct'e3
1151 2295 1231 2365 alter

198 2399 273 2470 rer'o
284 2398 395 2467 modos
404 2397 547 2488 negative
563 2411 594 2465 et
606 2396 757 2465 indirecte
772 2394 967 2466 detrahendi.

348 2557 495 2617 Imponens,
504 2567 611 2616 augens,
622 2553 796 2617 manifestans,
807 2555 835 2604 in
844 2554 910 2604 mata
920 2555 1030 2613 vertens,

348 2627 530 2686 Quincgateut
539 2625 647 2686 minuit,
657 2627 765 2686 retinet,
781 2626 898 2676 laudatve
908 2622 1020 2676 remisst.

239 2755 336 2827 Unde
359 2757 534 2839 silentium,
561 2773 591 2827 et
604 2761 625 2827 it
637 2757 762 2827 fortiori
775 2759 874 2828 verba
891 2757 1050 2850 generalia
1070 2759 1231 2851 cujusdam
1288 2762 1291 2775 '

198 2849 337 2923 criminis
349 2851 557 2949 suspicionem
565 2854 599 2923 in
608 2854 805 2936 audientibus
817 2855 990 2941 excitantia,
1007 2854 1232 2926 detractionem

197 2973 326 3042 gramm
336 2945 440 3019 facere
454 2964 582 3044 queunt.

660 3046 774 3065 ..ιι-

158 3141 163 3146 ’
240 3108 314 3197 607.
328 3103 643 3198 lngencremortalis
654 3121 702 3176 est
712 3105 879 3196 detractio,
895 3106 988 3176 etiam
999 3107 1066 3175 viro
1078 3105 1231 3189 discreto,

199 3212 253 3266 aut
266 3224 303 3266 ex
314 3203 403 3270 mera
415 3201 603 3293 loquacitate
615 3200 752 3270 animive
763 3201 906 3281 levitate,
922 3201 1017 3270 modi)
1037 3216 1143 3270 tamen
1156 3201 1233 3272 deli·
1289 3193 1292 3202 ¹

200 3289 306 3359 berat'e
320 3292 422 3372 facta,
449 3300 520 3363 crim
539 3296 714 3366 detrahitur
734 3323 773 3365 ex
794 3297 898 3364 animo
916 3297 1033 3365 lamam
1052 3297 1232 3370 notabiliter
1278 3357 1282 3368 .

201 3381 352 3468 laedendi,
370 3402 424 3454 aut
438 3393 509 3458 clun
523 3391 562 3459 de
576 3391 658 3460 laeto
672 3392 853 3480 notabiliter
866 3390 1014 3478 laeditnr(
1036 3394 1062 3478 ).

148 3541 150 3548 .
242 3477 349 3572 Major
367 3495 473 3550 tamen
494 3509 563 3576 quae
581 3485 637 3579 per
651 3485 794 3556 libellum
806 3487 958 3556 famosum
974 3503 1027 3556 aut
1040 3486 1231 3573 cantilenas,

202 3587 233 3644 et
246 3599 316 3670 quae
331 3602 369 3746 eg
389 3576 473 3648 malo
487 3581 621 3666 affectu,
642 3585 738 3681 qulam
750 3607 823 3677 quae-
839 3607 877 3652 ex
890 3581 1016 3652 levitate
1042 3600 1073 3654 et
1097 3583 1233 3679 loquaci·

200 3684 263 3740 tate
277 3697 346 3741 mer
367 3725 376 3744 .

241 3766 348 3857 Major
358 3771 484 3842 tandem
494 3756 649 3880 calumnia
658 3788 704 3846 est
712 3774 989 3874 susurratio‘quicm
1000 3772 1153 3873 detractio
1161 3775 1232 3844 sim·

200 3857 345 3955 aento-
1154 3907 1157 3914 ·

302 3974 330 4016 a.
1100 3965 1133 4021 ιε
1205 3997 1240 4040 ·:
