2926 4680
511 419 514 424 ·
544 383 832 444 einr-niueum·
1136 353 1206 464 393

178 473 328 537 empseris
337 487 389 538 prn
399 472 549 528 insomnia
564 469 614 525 nori
629 473 775 534 respondet,
785 473 813 521 et
822 470 1065 536 eudaemonem
1077 475 1207 536 parentas.

176 547 202 592 et
212 542 311 592 aliunde
322 544 444 605 parochus
454 543 576 590 moraliter
591 543 672 592 certus
678 543 716 592 est
724 555 780 590 eam
790 542 906 594 lubenter
915 541 942 592 et
951 538 1046 590 sineere
1058 544 1208 608 consentire.

174 615 334 665 minimum
344 627 472 672 romanus,
489 614 568 661 Theoi.
580 615 640 661 Pici.
1229 613 1234 620 “

207 682 243 745 (i)
254 684 286 730 Ut
296 683 441 748 substantiae
450 681 600 730 matrimonii
610 681 776 741 repugnantes
786 678 882 728 habent
887 679 1056 738 conditiones,
1066 691 1116 728 non
1126 675 1207 730 soirim

175 765 230 813 quaa
241 752 378 800 excludunt
389 763 550 810 consensum,
561 752 604 799 sed
612 764 667 812 quaa
677 750 816 810 repugnant
825 752 866 797 vel
876 751 921 798 uni
933 745 947 796 e
957 749 1108 798 matrimonii
1120 751 1209 812 bonine

204 821 285 880 Proli;
297 822 324 868 ut
335 834 342 868 a
354 821 381 870 si
397 823 568 883 animationem
584 823 661 870 cettan
678 822 705 868 Si
716 821 808 881 metm
825 821 923 868 medor.
942 821 969 868 si
983 819 1207 882 adiectiones'cjoo

173 891 278 938 mnium.
757 921 760 927 ·

205 958 289 1016 Fidei3
299 958 328 1006 ut
336 971 345 1026 ².
353 959 380 1006 St
387 971 431 1019 pro
441 959 530 1017 questo
541 947 686 1006 oduttnerd.

205 1027 375 1086 Sacramento;
387 1028 414 1074 ut
424 1039 431 1072 ε
443 1029 522 1074 Donec
533 1028 650 1074 incaenium
665 1027 749 1074 eiiam.

204 1097 254 1146 Sed
265 1098 285 1144 si
296 1097 402 1146 conditio
413 1096 554 1144 snbstantias
565 1095 716 1143 matrimonii
727 1105 882 1156 repugnans,
892 1092 942 1153 iam
952 1089 1013 1143 vere
1022 1092 1093 1143 extet
1102 1107 1110 1154 3
1120 1107 1145 1144 v.
1157 1107 1205 1158 gn,

174 1169 202 1220 si
209 1166 336 1219 sterilitatis
353 1179 442 1216 nennio
452 1168 591 1226 sumpseris,
613 1161 766 1225 probabilitas
776 1165 843 1212 vaiet
860 1164 1057 1226 matrimonium,
1076 1165 1141 1214 sieut
1155 1179 1208 1216 non

175 1236 282 1296 valeret,
293 1235 313 1282 si
325 1235 380 1284 talis
391 1235 499 1284 conditio
510 1236 691 1294 apponeretur,
703 1234 728 1281 et
743 1246 792 1303 non
808 1233 914 1281 extaret.

198 1305 259 1363 nst,
270 1300 330 1352 mim
347 1302 498 1352 matrimonii
519 1302 661 1349 substantiae
673 1302 809 1362 repugnant
820 1300 972 1348 conditiones
989 1301 1028 1349 hae
1040 1315 1047 1348 τ
1059 1305 1125 1351 Duco
1138 1305 1159 1350 te
1176 1304 1205 1352 eci

173 1372 221 1434 lene
229 1375 256 1421 at
267 1373 341 1422 emto*
348 1385 472 1421 nooeomna
488 1370 671 1420 omitteremus
684 1385 720 1419 mc
730 1385 778 1420 non
789 1383 921 1432 commetes.
933 1373 959 1419 sa·
969 1372 1056 1431 copore
1066 1371 1206 1422 monensi

172 1440 299 1490 Dubitaut.
310 1441 458 1488 Benedictus
469 1441 536 1500 xiv,
548 1437 557 1500 (
569 1440 600 1486 de
617 1439 714 1500 synodo
726 1439 809 1499 dicen,
820 1437 864 1488 tii.
875 1439 919 1498 ia,
930 1450 984 1497 cap.
992 1439 1038 1499 22,
1053 1440 1083 1488 N*
1099 1437 1148 1502 iti)
1160 1454 1208 1500 pro

151 1531 154 1536 ·
172 1509 318 1560 affirmativi
328 1512 377 1570 cst,
388 1511 410 1558 si
425 1509 625 1558 reconditiores
640 1509 781 1569 inpactum
798 1507 910 1556 deducte
927 1506 985 1554 sint.
996 1503 1084 1556 Tutius
1100 1521 1206 1558 renova·

172 1581 242 1629 retur
265 1592 404 1628 consensus.

200 1649 328 1698 Sedvalat
345 1648 529 1699 matrimonium
540 1647 607 1696 inter
616 1647 678 1695 duos
685 1647 799 1696 conscios
807 1645 857 1694 sibi
874 1644 1054 1706 suintrinsque
1064 1648 1205 1696 voti-casti·

170 1719 281 1778 tatis,et
291 1719 456 1778 dispositionis
466 1717 582 1765 servandi
593 1717 668 1764 iilud.
767 1736 770 1742 ·
1156 1725 1203 1766 ,’

203 1785 236 1849 (c)
247 1787 273 1833 Si
287 1787 371 1832 tamen
389 1786 498 1832 conditio
510 1785 669 1844 impossibilis
679 1784 722 1832 aut
731 1783 812 1844 turpis
829 1782 905 1831 inerit
918 1780 983 1831 sarid
997 1783 1107 1843 adjecta;
1121 1787 1165 1834 aut
1181 1788 1206 1835 si

172 1854 282 1914 ignorata
302 1853 379 1901 inerit
388 1853 536 1901 conditionis
553 1853 738 1921 impossibilitas
745 1885 753 1912 ,
760 1853 946 1900 matrimonium
956 1863 1007 1899 non
1017 1853 1112 1902 valeret
1122 1851 1206 1903 cotim

172 1922 234 1970 lieo.

109 1981 112 1987 ’
204 1986 1029 2065 (a)innuansernomraredahetnisitinstatunratiao,temporp
1038 1990 1204 2052 quoproipso

172 2060 300 2106 contrahet
308 2058 461 2118 procurator.
1121 2055 1130 2072 '·

204 2126 236 2190 (c)
249 2125 343 2176 Prolati
352 2123 429 2174 iormi
439 2125 486 2174 sub
497 2123 648 2176 conditione.
660 2125 734 2174 Dona.

630 2225 746 2244 *tt———u

212 2287 289 2352 818.
302 2282 348 2350 Ut
361 2279 595 2350 matrimonium
604 2279 736 2362 nullum,
752 2277 808 2348 sed
820 2277 856 2348 in
866 2278 948 2368 facie
960 2280 1112 2354 Ecclesiae
1124 2283 1204 2355 cele·

150 2366 154 2385 ⁶
174 2369 306 2462 braium,
317 2379 486 2456 relidatur,
498 2377 1074 2450 attendendumuudeveuiatnulliias.

213 2475 313 2544 Venit
321 2491 424 2544 autem
434 2474 485 2542 vel
497 2499 533 2541 ex
545 2473 668 2542 defectu
680 2475 857 2556 consensius,
869 2473 985 2570 quippe
997 2475 1051 2567 qui
1065 2476 1135 2544 ficte
1150 2493 1204 2566 aut

171 2597 209 2662 en
227 2597 333 2640 errore
354 2567 567 2650 substantiali,
585 2583 709 2636 mature
735 2569 827 2659 gravi
849 2569 939 2636 datus
958 2568 1015 2654 sit,
1038 2569 1124 2640 ntrllo
1138 2571 1201 2641 alio

172 2667 318 2735 existente
332 2664 558 2758 impedimento
571 2665 637 2748 (a);
666 2709 670 2717 ι
696 2670 697 2676 ’

212 2760 278 2829 Vel
289 2786 327 2829 ex
340 2760 565 2854 impedimento
576 2757 791 2852 dispensabili.

215 2858 252 2926 Si
265 2857 351 2951 prius
369 2887 377 2924 ι
396 2855 509 2925 suflicit
519 2855 714 2950 probabilius
734 2869 779 2936 ut,
796 2853 922 2946 cogniti
930 2853 1083 2940 nullitate,
1093 2871 1123 2926 et
1138 2884 1201 2928 ces-

168 2970 255 3022 sante
273 2969 357 3022 metu
370 2950 418 3038 (si
442 2949 516 3035 ind'e
530 2950 655 3018 nullitas
664 2953 694 3036 i,
713 2949 768 3044 qui
788 2975 850 3020 non
864 2950 1019 3019 consensit
1032 2955 1201 3024 consentiat

168 3075 227 3144 per
241 3067 344 3118 actum
357 3045 493 3142 aliquem
511 3047 644 3116 exterius
662 3047 903 3126 manifestatum,
920 3073 951 3114 v.
968 3073 1017 3138 gr.
1031 3101 1039 3130 ,
1055 3074 1112 3143 per
1122 3051 1201 3144 peti-

77 3143 79 3150 '
168 3144 285 3213 tionem
306 3161 358 3212 ant
381 3143 711 3212 redditionemrdebiti
726 3143 831 3212 auimo
848 3141 983 3210 maritali
998 3145 1063 3228 (i),
1084 3145 1197 3223 mode,

169 3243 364 3332 quocumque
384 3238 477 3305 etiam
496 3255 637 3332 tempore
659 3239 783 3333 elapso,
803 3264 875 3333 pars
893 3237 992 3333 altera
1017 3265 1199 3308 consensum

169 3358 232 3400 non
243 3332 445 3402 revocaverit.
460 3331 552 3400 Tunc
565 3329 646 3400 enim
660 3335 776 3402 attentat
785 3333 878 3423 hujus
890 3336 1065 3404 contractds
1075 3339 1197 3420 naturis,

168 3427 329 3520 utriusque
343 3451 506 3496 consensus
523 3444 568 3496 est
582 3429 630 3496 dex
639 3429 784 3522 praesenti
802 3430 863 3515 (c).
1200 3422 1204 3431 ⁸

211 3522 247 3590 Si
265 3523 418 3617 posterius
436 3553 443 3592 :
460 3523 574 3591 iterium
592 3555 599 3592 :
616 3525 665 3592 vel
681 3525 937 3620 impedimentum
959 3525 1115 3594 occultum¹
1134 3543 1199 3610 est,

170 3633 200 3691 et
209 3618 272 3686 tale
286 3644 511 3700 remansurum,
523 3619 574 3688 vel
585 3645 660 3688 uon.
684 3621 687 3626 ’

208 3712 246 3781 ln
258 3714 359 3809 priori
373 3739 459 3796 casu,
472 3715 594 3782 sublato
607 3742 664 3810 per
679 3715 942 3810 dispensationem
960 3715 1195 3814 impedimento,

60 3805 62 3810 ’
166 3825 270 3904 partes
284 3811 323 3879 de
338 3809 477 3880 nullitate
490 3827 682 3880 matrimomo
694 3810 867 3882 certiorate
877 3811 929 3900 (d)
941 3838 1139 3896 consensum,
1161 3827 1195 3884 ut

169 3908 274 3998 supri,
290 3905 378 3999 signo
389 3907 494 4002 aliquo
507 3908 557 3978 vel
569 3934 643 3978 voce
658 3909 848 3991 renovabunt
859 3909 939 3986 inter
952 3934 985 3979 se
997 3911 1053 3996 (a).

977 4146 990 4175 .’
1004 4129 1043 4194 ,toi
1058 4137 1060 4142 ’
