2964 4674
224 300 298 357 ooo
486 278 548 356 nu¹
561 300 738 374 ocruvo
757 302 992 378 ermenero

221 383 329 468 darnni
340 383 375 461 in
387 383 477 456 bonis
490 386 639 468 fortunae,
669 375 793 484 applica
806 387 854 458 illi
868 389 923 483 qui
933 386 1090 484 inculpate
1104 383 1255 468 (intrauit,¹

220 473 403 645 grpvenirc
416 481 528 567 debet,
544 481 572 552 si
581 484 695 579 possit,
711 484 956 561 diffamationem
970 501 999 602 et
1015 486 1115 558 malos
1130 491 1196 582 ejus
1210 490 1255 590 eij

237 600 271 643 ec.
285 602 334 646 us·

251 757 287 820 (a)
297 759 348 807 Non
356 759 429 808 video
438 773 482 808 eur
490 773 540 809 non
550 761 623 821 pauci
633 762 664 809 ad
675 762 757 810 venias
765 761 911 822 petitionem
919 762 1055 822 obligatum
1061 766 1185 818 aestiment
1194 778 1254 818 enm

217 829 260 886 qui
268 840 320 875 non
332 829 413 888 potest
422 829 495 878 aliter
505 828 594 878 tamam
603 843 718 890 reparare
735 829 811 892 [558,
821 829 888 893 timi
902 832 1020 879 honorem
1031 845 1080 880 non
1091 835 1197 894 laserit3
1205 846 1254 884 cur
1313 881 1322 892 ,

217 897 286 944 euim
296 893 372 956 magis
381 897 413 944 ad
428 899 575 956 petitionem
587 898 667 946 venia
685 900 813 946 teneretur
827 893 901 959 quium
909 899 952 959 qui
964 912 1013 946 nou
1026 902 1108 960 potest
1118 903 1253 952 restituere

217 965 282 1012 bona
292 966 409 1014 iomunaei
418 969 464 1014 Per
474 967 624 1026 petitionem
631 967 711 1022 venia
722 967 787 1015 tama
801 967 930 1028 deperdita
944 980 993 1015 uon
1004 969 1111 1030 rediret,
1122 971 1151 1018 ut
1161 983 1254 1030 suppo·

215 1036 292 1083 uitur.
304 1031 409 1083 Aliunde
420 1033 484 1095 saepe
495 1035 618 1084 detractor
627 1034 762 1096 ignoratur,
773 1049 819 1084 nec
827 1036 905 1084 veliet
915 1037 1037 1096 cognosci.
1049 1034 1156 1086 Facitids
1164 1040 1253 1087 crede-

215 1116 270 1152 rem
281 1117 338 1152 eum
347 1106 374 1151 P.
386 1105 446 1152 Gab.
457 1105 563 1152 Anteius
577 1105 740 1153 detractorem
751 1105 876 1172 cognitum
887 1105 968 1154 teneri
978 1119 1024 1166 per
1034 1107 1101 1166 signa
1112 1108 1204 1156 doloris
1213 1119 1252 1156 sa·

214 1172 330 1221 tisiacere
340 1186 384 1234 pro
395 1171 499 1222 moero're
510 1175 593 1235 illato,
605 1173 631 1222 in
641 1187 689 1236 quo
702 1187 775 1221 sensu
788 1175 832 1222 atii
847 1175 904 1224 sunt
914 1175 996 1223 forsan
1006 1176 1172 1236 intelligendi.

247 1241 282 1305 (t)
294 1245 346 1290 Non
354 1242 496 1293 sufficerent
504 1244 556 1293 sola
562 1244 744 1295 beneuolentiae
753 1245 832 1306 signa.
838 1247 869 1296 Ρ.
877 1244 935 1294 Aet.
946 1244 1072 1297 odorisio.
1083 1247 1250 1312 iudicandum

216 1309 248 1360 ex
264 1312 465 1361 circumstantiis.
1140 1337 1144 1345 ·
1208 1329 1211 1334 ·

217 1468 1250 1498 'ww

573 1687 575 1695 Α
602 1599 766 1666 curun
785 1603 862 1665 111.

341 1779 375 1818 ΟΕ
385 1779 467 1816 mutis
477 1782 495 1816 Ι
505 1781 672 1818 mmmm
682 1781 756 1818 ΙΔΙΒ
767 1783 799 1818 Π
810 1783 915 1818 lomim
925 1783 1115 1822 flemma·

253 1931 327 2008 614.
338 1923 467 1996 Ennuu
483 1937 553 1993 sunt
572 1923 606 1992 in
625 1948 739 2016 genere
758 1929 829 2020 qu‘ae
848 1940 993 1994 excuuant
1013 1925 1246 2002 &restitutione

211 2024 364 2094 bonorum
387 2021 529 2091 fortunae.
549 2019 635 2089 Nota
658 2018 761 2088 solium
780 2026 811 2088 1⁰
825 2036 966 2090 mutuam
987 2022 1245 2094 condonationem

210 2118 303 2188 fodit
323 2117 470 2214 praesumi
493 2117 574 2183 inter
591 2114 724 2207 aequales
745 2117 921 2203 (12),me
940 2133 1046 2187 umen
1066 2117 1246 2192 alterutrius

210 2214 410 2284 condonantis
433 2211 606 2282 diffamatio
629 2211 665 2278 in
687 2211 764 2282 alios
788 2239 851 2283 non
874 2215 1039 2300 redundet,
1062 2245 1094 2285 v.
1113 2243 1184 2306 tgr„
1208 2218 1259 2303 in,

208 2309 363 2378 familiam
377 2324 430 2376 aut
444 2306 707 2376 communitatem.
869 2383 871 2390 ,
1092 2372 1095 2380 ,
1174 2311 1185 2338 ·’

251 2411 285 2472 2⁰
298 2403 337 2472 ln
352 2402 448 2472 dubio
467 2427 508 2470 au
529 2403 684 2497 reparatio
708 2405 827 2474 frustra
848 2404 993 2473 iacienda
1015 2404 1077 2485 sit,
1096 2403 1242 2475 facienda

207 2517 329 2584 menen,
343 2498 405 2568 nisi
419 2499 587 2594 prudenter
607 2499 753 2573 timeatur
772 2505 873 2593 magis
885 2499 1039 2568 nocitura.
1050 2499 1079 2566 F
1080 2511 1243 2570 rustranea

207 2611 312 2669 artem
325 2610 371 2665 est
387 2600 461 2664 cium
473 2594 558 2662 fama
568 2597 633 2687 jam
652 2613 797 2690 reparata
811 2612 858 2664 est
869 2620 926 2688 per
940 2593 1128 2662 evidentiam
1141 2594 1239 2680 facti,

206 2691 361 2760 honorum
376 2688 606 2774 testimonium,
629 2690 702 2759 vitae
723 2688 952 2782 integritatem,
977 2688 1105 2757 testium
1118 2690 1241 2785 deposi-

205 2787 342 2871 tionem,
359 2784 472 2877 judicis
487 2785 690 2876 sententiam,
704 2786 798 2853 medo
812 2799 917 2852 tamen
926 2781 995 2851 haec
1010 2785 1167 2878 reparatio
1176 2811 1243 2858 non

205 2881 321 2950 sitnisi
334 2879 485 2974 partialis,
500 2897 535 2950 ut
547 2886 630 2978 saepe
642 2883 675 2948 fit
687 2883 758 2948 cum
770 2904 826 2972 per
837 2878 1026 2972 calumniam
1038 2879 1125 2948 fama
1134 2881 1240 2950 ablata

206 2992 270 3060 est,
285 2976 360 3070 quia
373 2981 455 3073 saepe
469 2977 576 3071 aliqua
595 2975 700 3071 opinio
714 2974 796 3042 mala
811 2987 964 3044 remanet.
1209 3049 1211 3052 ,

247 3072 314 3143 Sed
327 3071 405 3167 quid
418 3074 445 3142 si
460 3069 632 3163 diffamatio
644 3069 686 3140 sit
699 3070 733 3137 iu
744 3069 900 3148 oblivione
913 3064 947 3140 se
1002 3076 1056 3140 ta?
1072 3069 1165 3166 Saepir
1182 3097 1252 3165 pus,

197 3184 289 3238 ‚tatur
302 3167 433 3240 oblitum
447 3165 589 3262 quodsin
602 3165 758 3235 mentibus
772 3181 923 3236 remanet.
959 3191 981 3233 n
995 3166 1091 3236 dubio
1114 3193 1177 3235 non
1191 3182 1240 3237 cst

108 3291 110 3296 ’
203 3265 347 3334 iacienda
364 3262 530 3360 reparatio,
549 3260 577 3330 si
589 3258 758 3356 prudenter
768 3261 914 3346 timeatur
928 3263 1142 3358 nespeeiessc
1165 3262 1243 3332 ultaer

204 3359 393 3443 excitentur,
409 3357 519 3427 saltem
531 3355 561 3426 si
575 3372 684 3450 agatur
705 3357 746 3428 de
763 3356 978 3427 diffamatione
991 3381 1049 3453 per
1062 3290 1239 3452 simpiicem

203 3454 439 3526 detractionem.
459 3453 496 3524 Si
506 3470 610 3524 autem
622 3479 679 3550 per
689 3452 887 3536 calumniam,
902 3452 1058 3536 facienda,
1076 3451 1243 3546 supposito.

203 3551 289 3646 quod
302 3548 483 3621 retractatio
498 3550 656 3620 sufficiens
673 3548 735 3616 erit
746 3549 787 3616 ad
801 3548 949 3616 delendas
969 3547 1168 3654 potiusquam
1185 3570 1237 3611 arui

202 3648 321 3738 gendas
331 3635 462 3742 speeies.
479 3645 623 3736 Quisque
633 3641 822 3734 faciatquod
836 3643 870 3710 in
883 3641 978 3710 simili
989 3665 1063 3708 casu
1074 3665 1133 3734 pro
1143 3647 1178 3706 se
1188 3637 1249 3714 fa«,

204 3742 348 3811 ciendum
362 3739 466 3810 vellet.
486 3739 551 3805 Sed
565 3759 688 3830 semper
703 3738 879 3832 reparanda
888 3737 1000 3806 darona
1014 3733 1076 3802 alia
1090 3757 1127 3800 ex
1142 3731 1238 3808 diffae.

203 3836 341 3906 matione
360 3847 465 3904 secuta
474 3832 567 3909 [358.
580 3829 630 3912 bl.¹
677 3929 682 3938 ἱ
