2974 4678
263 313 309 388 tlt
450 391 452 395 ,
516 331 1028 387 nesar'rrmorrrmcre‘ro

262 437 380 514 [mrtem
404 421 559 502 reddittts,
580 419 687 511 nequit
710 418 846 486 creditor
870 417 957 487 iilam
978 443 1044 486 mou
1073 416 1200 498 tulere,
1222 416 1282 486 nisi

261 521 356 606 gratis
372 531 400 582 et.
410 514 580 584 liberaliter
593 515 665 581 data
676 527 847 581 censeatur.
1058 568 1061 572 .
1141 533 1143 539 ’

303 618 335 676 2⁰
348 611 413 677 Ubi
433 607 518 698 leges
539 633 601 674 non
615 609 755 690 obstant,
781 622 880 698 potest
898 629 1006 677 census
1024 633 1124 684 nevers
1139 607 1281 678 constitui

261 726 297 772 ex
308 703 481 774 redditibus
491 725 553 772 nou
562 701 682 770 solutis.
695 715 697 718 '

291 860 327 924 tat
340 863 430 910 census
449 857 619 908 tmedimibilis
636 858 734 908 siletur
752 870 786 908 ex
805 855 893 909 staturi
912 857 950 907 rei
968 857 1065 918 licitus,
1083 857 1129 908 ubi
1145 859 1214 920 iopes
1230 869 1280 908 noo

260 929 366 976 obstant.
790 933 793 942 ’
877 969 883 976 .

290 997 428 1044 tstcensus
438 993 584 1057 exutrique
602 995 672 1058 parte
691 998 717 1044 et
732 990 746 1043 *a
761 992 854 1042 fortiori
869 1006 902 1042 ex
918 992 987 1053 parte
1004 993 1080 1043 solius
1087 993 1204 1056 emptoris
1213 995 1281 1044 retli-

244 1066 361 1126 ,mibtlls
372 1066 399 1114 iu
408 1067 480 1126 praxi
490 1064 627 1120 censendus
635 1065 674 1112 est
692 1064 806 1114 mutuum
815 1061 959 1124 palliatum,
970 1061 1017 1110 etsi
1026 1063 1079 1122 lene
1087 1075 1136 1110 non
1143 1064 1278 1112 vetaretur.

248 1150 258 1180 ι
289 1135 366 1181 Nota:
378 1133 447 1182 llulti
463 1135 561 1183 veteres
575 1135 604 1181 ut
622 1133 738 1180 illicitum
752 1131 889 1178 habuerunt
905 1132 930 1177 et
943 1129 969 1178 S.
979 1130 1036 1178 Pius
1045 1131 1067 1178 V
1076 1129 1158 1179 vetuit
1176 1143 1279 1179 censum

252 1203 420 1264 [personalem.
433 1203 518 1250 Sedox
526 1215 553 1250 re
564 1201 647 1249 licitus
657 1201 761 1248 habetur
769 1200 795 1248 et
806 1199 833 1246 in
842 1211 889 1247 usu
898 1199 935 1246 est
945 1199 988 1246 ubi
1002 1200 1044 1247 aut
1062 1197 1111 1246 nori
1129 1199 1226 1259 recepta
1236 1201 1280 1250 aut

260 1283 306 1323 usu
315 1271 405 1322 abolita
416 1272 453 1318 est
463 1271 634 1324 constitueres.
646 1269 720 1330 Ptiv,
729 1266 789 1320 cim
799 1269 975 1318 ones.l'ersona
982 1267 1049 1316 enlm
1058 1278 1107 1316 non
1116 1268 1197 1316 miuus
1204 1263 1278 1330 qu'am

244 1351 299 1390 ires
315 1339 554 1399 frugileravidetur.
986 1337 991 1348 ’
1105 1353 1106 1362 ’

239 1429 246 1462 ι
291 1405 326 1470 (b)
338 1407 400 1454 lline
409 1408 452 1457 ubl
463 1408 572 1456 redditus
581 1406 834 1468 eensriseonsignativi
842 1408 896 1466 lege
905 1405 1054 1466 taxatum,
1065 1404 1183 1465 iniustum
1193 1405 1278 1454 multis

214 1489 217 1494 ¹
239 1491 244 1514 ι
258 1477 360 1523 videtur
369 1477 440 1524 illum
458 1471 614 1526 inirbemere
625 1478 667 1526 aut
678 1478 815 1539 redimere,
826 1475 1083 1524 seclusistitutlrtueri
1092 1476 1222 1534 cessantis,
1234 1479 1278 1524 aut

190 1593 195 1606 ,
259 1545 341 1592 damni
353 1545 513 1603 emergentis,
524 1546 583 1604 ete,
592 1547 630 1606 ul,
641 1559 666 1594 v.
676 1558 708 1606 p,
717 1545 739 1593 sl
747 1555 833 1592 census
843 1545 875 1592 sit
894 1544 1009 1604 caducus,
1019 1542 1126 1593 difficilis
1141 1544 1276 1593 solutionis.

259 1613 319 1659 ll'am
329 1625 416 1660 census
427 1611 501 1660 habet
512 1614 618 1672 pretium
628 1614 720 1673 legale,
740 1625 784 1661 seu
795 1612 942 1673 legitimum.

288 1683 338 1730 Nee
354 1681 404 1728 diei
424 1681 504 1744 potest
519 1682 671 1731 venditorem
682 1677 760 1730 libert
778 1680 854 1742 pratis
867 1681 993 1730 remittere
1004 1679 1035 1728 de
1048 1681 1194 1740 preberet
1205 1682 1277 1731 illam

260 1751 326 1795 enlm
344 1749 513 1796 remissionem
531 1761 613 1797 emere
634 1750 747 1798 censetur
764 1762 835 1797 suum
853 1748 1013 1797 commodum.
1032 1749 1213 1811 Summaquam
1228 1764 1279 1799 mm

258 1819 347 1878 ancipit
359 1819 396 1864 est
407 1817 474 1864 illius
482 1818 601 1865 commodi
610 1816 830 1879 pretiumltrbptor
840 1816 1162 1882 autem‘eensdsuonpotost
1170 1820 1276 1870 rendere

258 1889 304 1936 lme
316 1887 486 1946 commodum,
498 1883 554 1936 edm
569 1888 600 1934 ad
617 1901 643 1935 se
658 1900 707 1935 non
722 1888 854 1948 pertineat.

288 1953 347 2006 clim
358 1957 385 2004 in
395 1957 449 2016 lege
459 1957 515 2003 anni
529 1957 586 2004 1807
596 1969 650 2016 qum
660 1959 766 2006 ireteresse
776 1957 885 2018 pecunie
896 1953 981 2007 mutub
992 1957 1093 2008 claimed
1104 1961 1118 2007 t
1129 1971 1172 2020 pro
1184 1959 1229 2007 loo
1237 1969 1276 2013 rev

257 2027 330 2074 duxlt
342 2027 367 2074 in
378 2023 480 2074 materiir
488 2025 555 2073 civili
568 2022 632 2087 Urbi,
640 2023 674 2087 b],
684 2038 733 2074 non
742 2028 829 2090 agatur
839 2025 923 2074 niside
932 2029 1072 2090 creatione²
1081 2039 1129 2074 non
1138 2027 1168 2074 de
1180 2025 1277 2074 redem-

258 2101 341 2159 ptione
353 2096 454 2157 ernsds3
473 2098 598 2145 concludit
613 2099 643 2144 Ι).
655 2099 760 2146 Bourier
769 2101 848 2156 legem
862 2099 925 2146 hanc
940 2105 997 2147 non'
1006 2100 1100 2148 obstare
1115 2099 1175 2160 qnln
1190 2110 1277 2147 eensus

258 2167 438 2224 eonsigrtativus
448 2165 667 2224 sitmerxpretium
678 2166 884 2224 habensvulpare,
891 2179 919 2212 ae
929 2163 1031 2224 proinde
1038 2168 1098 2226 quin
1104 2167 1192 2212 redimi
1201 2165 1276 2226 possit

257 2234 346 2279 minori
359 2232 436 2292 pretio
446 2227 520 2290 quim
531 2232 605 2278 iuerlt
616 2233 774 2290 constitutum
788 2227 858 2278 modo
868 2233 932 2278 nbsit
942 2233 1066 2280 simulatio
1077 2232 1210 2281 voluntatis
1219 2239 1277 2280 ton·

257 2299 370 2347 tinuandi
382 2311 495 2356 censum3
504 2311 551 2344 non
563 2299 678 2346 abutatur
689 2299 795 2346 creditor
810 2298 944 2356 indigentii
955 2300 1090 2360 censuari13
1104 2301 1214 2360 patiatur
1230 2311 1277 2351 ro-

257 2367 372 2422 <timendo
386 2366 485 2432 aliquod
495 2365 683 2427 detrimentum
693 2366 762 2414 malit
774 2365 904 2434 pecuniam
914 2377 983 2417 suam
992 2367 1093 2428 babere,
1104 2367 1154 2418 ete.

718 2508 812 2578 svm.

559 2653 596 2702 lle
613 2651 734 2731 iniustitit
745 2654 771 2704 in
781 2653 971 2718 assecuratione.

298 2797 371 2882 495.
386 2791 602 2863 Assiduuar'ro
614 2806 660 2862 est
674 2810 845 2866 contractus
856 2821 917 2887 quo
928 2793 997 2889 quis
1010 2809 1161 2889 procerte
1173 2799 1274 2892 pretio

256 2885 383 2982 suscipit
400 2887 479 2955 inse
497 2888 668 2984 periculum
680 2889 810 2982 alicujus
833 2892 897 2970 τοίς
910 2907 944 2958 ut
959 2891 1046 2960 navis
1071 2896 1177 2961 eontr'a
1198 2909 1272 2962 tem-

255 2997 387 3078 pestates
405 2981 562 3066 hostesne,
581 2984 690 3052 domds
708 2988 815 3052 contra
827 2985 1015 3060 incendium.

296 3079 496 3146 Assecuratio
510 3094 555 3148 est
568 3077 716 3166 obligatio
726 3078 922 3174 principalis,
938 3079 1026 3150 etsie
1045 3077 1152 3149 differt
1165 3082 1185 3148 rt
1199 3080 1274 3150 bde-

254 3198 403 3264 Jussrone.
1063 3207 1082 3269 j

217 3337 224 3346 ,
296 3268 343 3336 Ut
356 3287 459 3338 autem
477 3273 560 3362 justa
575 3271 629 3355 sit,
643 3271 735 3342 debet
746 3297 811 3342 esse
823 3270 941 3357 libera,
964 3297 1027 3344 non
1046 3273 1117 3343 ficta
1130 3287 1161 3344 et
1173 3273 1283 3368 pretio

253 3362 392 3476 periculo
403 3369 637 3460 proportionale
650 3423 658 3454 ,
673 3398 704 3441 v.
717 3395 749 3464 g.
760 3423 769 3455 ,
779 3371 866 3460 juxtb
875 3371 959 3464 leges
970 3387 1023 3440 aut
1041 3372 1273 3442 eonsuetudines
1286 3431 1289 3438 .

252 3471 425 3548 prateamm
436 3465 625 3530 commercii.

293 3549 338 3617 Et
359 3577 483 3620 necesse
497 3570 543 3621 est
560 3571 594 3622 ut
608 3571 797 3632 assecurator
811 3587 874 3631 non
887 3559 964 3629 sciat
977 3585 1043 3630 rem
1052 3562 1118 3630 sine
1136 3557 1273 3652 periculo

253 3669 338 3724 esse,
352 3671 409 3712 nee
420 3646 566 3716 dominus
577 3675 644 3718 eam
656 3654 721 3742 jam
732 3655 873 3744 periisse.
889 3655 956 3723 lmb
970 3680 1006 3722 ex
1018 3658 1087 3744 jure
1102 3667 1273 3720 contractus
1340 3727 1345 3740 Ι

252 3737 304 3806 bic
316 3743 421 3832 deficit
430 3742 594 3812 deficiente
603 3748 1021 3842 ejusmaterid‚utsiresjam
1031 3747 1159 3838 perierit
1171 3779 1178 3819 ι
1199 3769 1274 3814 llam

252 3848 321 3916 tune
336 3837 369 3905 su
384 3835 450 3904 sine
463 3838 573 3922 causet,
583 3838 643 3906 nisi
655 3839 826 3907 resolvatur
843 3847 874 3906 ln
888 3843 1103 3926 sponsionem(
1110 3871 1120 3907 1
1130 3841 1270 3925 131)(ol.
