2926 4680
277 291 349 384 toi
605 287 975 373 ou'sscninrsro

317 403 406 494 llige
424 406 457 470 5⁰
475 399 630 472 Militares
649 426 709 496 pro
724 399 861 497 parocho
879 399 995 472 liabent
1010 395 1182 495 pmochum
1195 397 1259 470 loci
1273 399 1317 468 iis

276 523 339 594 quo
355 497 536 592 presidium
545 512 641 588 agunt
651 497 713 586 (g).
869 519 872 525 ·

308 668 345 728 (iit
356 670 403 730 Qui
415 669 481 718 cuim
491 667 560 730 quasi
570 665 724 718 domicilium
734 663 827 716 hubent
837 665 863 713 iii
873 662 923 712 uni
941 660 1060 726 parochie
1068 661 1143 723 „sunt
1156 661 1224 710 illius
1232 673 1309 724 paro·

277 739 340 790 chiae
350 737 455 808 peiuoho
465 737 586 796 subiecti,
596 737 622 784 iu
633 734 662 784 ei
670 735 739 796 tunm
747 733 840 782 debent
847 733 927 782 elicio
938 733 1061 792 paschali,
1073 731 1121 779 etc.

306 809 353 856 Sed
364 807 464 868 quinam
475 807 543 867 quisi
553 804 705 854 domicilium
714 804 845 852 censentur
852 801 960 850 haberet
969 802 1030 860 Qui,
1040 797 1110 858 juxti
1119 799 1223 858 multos,
1233 798 1308 859 longo

275 879 387 938 tempore
398 876 438 923 rel
450 874 536 932 maiori
547 874 606 924 anni
616 875 686 935 parte
697 874 723 920 in
734 873 788 920 ioco
796 872 878 931 aliquo
889 871 1082 928 commorantur,
1094 880 1150 917 cum
1167 868 1308 916 intentione

270 946 308 993 ed
317 957 387 1002 suos,
397 945 438 991 rel
455 942 504 992 alid
514 943 672 1001 revertendi,
692 943 779 1002 quales
794 941 920 993 studentes
936 939 964 986 iu
974 938 1192 997 universitatibus,
1202 937 1307 998 iamuli,

275 1013 383 1076 operarii
393 1011 490 1073 piures,
502 1016 602 1073 tyrones
615 1011 740 1072 opiticum.
1314 1035 1319 1090 Ι

306 1082 354 1130 Sed
362 1082 413 1132 hec
423 1082 520 1130 runaut
530 1081 664 1130 secundum
675 1081 764 1130 statuta
775 1081 802 1129 et
811 1078 1002 1128 oonsuchidines
1016 1076 1136 1124 locorum.
1148 1077 1201 1136 Sic,
1211 1078 1307 1136 hoium,

275 1150 360 1200 tomuli
374 1153 400 1200 et
417 1151 514 1198 ancillas
529 1148 677 1198 decedentes
693 1151 736 1209 qui
748 1149 840 1196 hahent
854 1147 991 1196 demumst
1007 1145 1125 1192 familiam
1138 1147 1162 1192 in
1174 1143 1222 1192 alii
1233 1145 1318 1206 paro-l

275 1217 346 1278 chre,
357 1221 389 1268 eii
399 1221 466 1267 ittam
477 1232 521 1280 prs
531 1219 677 1268 liniebribus
686 1219 827 1279 pertinent3
837 1219 864 1266 et
872 1217 978 1267 ardmat
986 1216 1137 1264 Benedictus
1144 1217 1242 1276 illm
1250 1227 1309 1276 pas·

275 1289 348 1338 tereti
361 1287 453 1348 citati,
464 1289 516 1338 hec
527 1287 630 1337 dicende
642 1287 737 1336 essedo
749 1287 952 1336 contrahentibus
964 1285 1156 1346 matrimonium.
1211 1303 1214 1307 ·

306 1358 336 1404 sc
347 1357 413 1405 idem
425 1372 457 1405 ex
468 1358 571 1406 ilecreto
580 1358 639 1406 cleri
651 1357 750 1403 Romani
771 1355 832 1404 dicit
842 1356 966 1404 observari
984 1368 1027 1414 pro
1038 1353 1200 1416 matrimoniis
1214 1353 1309 1412 degon·
1371 1353 1374 1360 “

275 1423 338 1474 tium
351 1428 375 1473 in
387 1427 518 1474 seminario
528 1427 677 1487 collectore,
688 1426 874 1486 puellarumque
883 1425 913 1474 iis
919 1423 1237 1479 monasteriiseducatarum
1246 1455 1253 1482 ,
1262 1425 1309 1472 aut

276 1493 304 1542 in
314 1496 448 1544 custodiam
459 1496 613 1544 traditarum.

306 1561 398 1612 Veriim
409 1565 479 1626 quasi
494 1563 645 1610 domicilium
661 1561 754 1610 habent
774 1562 800 1608 iu
812 1561 971 1610 xenodochiis
980 1560 1024 1621 qui
1039 1560 1065 1608 in
1081 1560 1118 1608 eis
1134 1573 1168 1608 ex
1183 1561 1305 1612 emutire

275 1635 469 1690 servantemque
480 1631 581 1690 quisulo
593 1631 702 1689 tempore
714 1630 791 1676 morbi
804 1631 966 1689 transeuntis,
979 1631 1066 1684 saltem
1075 1629 1096 1676 si
1107 1629 1199 1676 brevis.
1234 1665 1237 1675 ,

306 1701 335 1747 Et
347 1700 372 1746 iu
391 1699 531 1752 carceribus
544 1699 588 1757 iqui
600 1699 627 1744 in
644 1700 681 1746 eis
692 1698 835 1746 detinentur
849 1699 875 1744 in
890 1709 989 1758 pieriam
1005 1699 1139 1756 scelerum
1155 1693 1228 1746 secius
1240 1697 1305 1747 iisd

276 1767 413 1820 custodium¹
423 1768 500 1816 donec
509 1765 662 1826 iudicentur.
676 1767 824 1816 Benedictus
834 1769 902 1825 xlv,
913 1767 970 1815 ibid.

240 1895 243 1902 Ι
307 1837 356 1886 Sed
366 1833 458 1886 iterium
469 1849 476 1884 c
487 1837 559 1898 quale
578 1837 677 1897 tempus
695 1837 832 1897 requiritur
841 1837 880 1883 ad
890 1836 1041 1883 domicilium
1058 1836 1184 1896 autquasi
1204 1836 1307 1884 domici-

277 1905 358 1954 ltnmt
367 1907 428 1954 Sunt
436 1908 479 1968 qui
492 1905 600 1954 medium
612 1917 701 1953 annum
713 1905 905 1967 requiruntrsed
916 1906 973 1964 alii,
985 1905 1094 1966 Sylvius,
1104 1907 1217 1965 Billuart‚
1228 1907 1304 1968 Deus

277 1987 382 2036 quorum
393 1976 514 2022 seruientia
526 1976 675 2035 probabilior
685 1974 799 2034 videtur,
810 1976 906 2023 uultum
917 1975 1014 2034 tempus
1024 1975 1161 2034 ausimne,
1170 1977 1305 2037 rotonum

277 2045 390 2094 sulficere
409 2045 586 2094 habitationem
605 2045 769 2104 corporalem,
787 2038 857 2091 modii
875 2057 931 2092 curn
950 2044 1031 2090 animo
1045 2039 1104 2090 vere
1122 2045 1303 2104 commorandi,

277 2115 365 2162 saltem
376 2113 452 2160 donec
464 2114 572 2174 occasio,
582 2115 645 2162 ratio
656 2116 699 2161 aut
713 2114 825 2161 voluntas
839 2113 949 2160 mutandi
961 2112 1088 2160 habeatur.
1100 2113 1140 2162 Sic
1150 2117 1235 2164 censet
1245 2117 1318 2178 lag-q

277 2192 366 2228 nanus.
376 2179 524 2227 Benedictus
537 2183 590 2227 xlv
598 2181 633 2228 ait
644 2195 651 2228 τ
664 2183 740 2242 siper
751 2183 845 2241 aliquod
856 2183 964 2242 temporis
973 2183 1073 2242 spolium
1084 2188 1263 2232 commorentur.
1303 2179 1308 2188 ”

308 2249 351 2296 Ast
362 2245 418 2294 cuii
427 2249 452 2294 iu
463 2249 501 2294 his
511 2249 624 2295 omnibus
635 2246 699 2308 saepe
710 2251 835 2297 remaneat
844 2250 956 2309 diuinum,
964 2251 1063 2299 licentia
1073 2253 1103 2298 ah
1114 2253 1191 2300 altero
1199 2255 1319 2314 parocho,

277 2315 394 2374 pelenda.
410 2317 528 2361 Coriveiiit
546 2317 572 2364 iu
582 2315 660 2363 Gallia
681 2317 715 2362 ibi
732 2314 900 2366 ecclesiastice
918 2320 1012 2366 nubere
1024 2320 1065 2367 ubi
1082 2322 1265 2372 matrimonium
1275 2326 1305 2376 iit

277 2382 394 2430 eunici.
405 2383 467 2430 viui
478 2383 535 2442 eigo
547 2383 790 2447 circummuniam,
806 2385 907 2432 cicurum
924 2388 969 2444 ιιι,
983 2387 1028 2434 nu
1040 2389 1051 2434 i
1063 2377 1189 2450 coceii„
1201 2393 1226 2442 ei
1237 2384 1304 2441 iiiia

277 2451 429 2500 matrimonii
445 2451 653 2508 celebrationem,
669 2453 716 2499 art.
732 2452 771 2511 lli,
787 2453 831 2499 ubi
847 2454 882 2500 sic
902 2465 911 2499 r
929 2471 945 2498 ii
960 2455 993 2506 ho
1009 2455 1117 2514 mulsae
1133 2470 1187 2506 sera
1204 2459 1304 2514 wibre

278 2537 293 2563 a
304 2520 364 2568 dans
374 2521 396 2568 la
407 2531 536 2568 commune
547 2513 579 2566 oi'r
589 2520 641 2567 l’un
652 2521 695 2568 des
705 2521 771 2570 dcun
779 2519 861 2583 epoiin
872 2535 934 2570 aure
942 2536 990 2575 son
996 2523 1120 2574 domicile.
1137 2519 1307 2592 he'domicile',

279 2607 294 2633 ιι
305 2593 381 2652 quant
391 2604 422 2639 au
430 2590 554 2650 moriare,
563 2587 686 2648 s’etablira
696 2594 740 2652 par
750 2591 790 2640 six
800 2593 861 2641 mois
871 2592 1033 2642 d'habitation
1041 2595 1100 2650 dane
1112 2593 1135 2642 la
1145 2595 1225 2647 meme
1235 2613 1306 2650 coiu-

279 2677 294 2706 n
304 2673 389 2708 mulie,
401 2678 415 2704 u

308 2729 408 2783 lamsie
420 2725 477 2776 olim
486 2729 527 2787 ins
538 2729 627 2790 civile,
645 2727 741 2790 quandb
757 2729 782 2786 ἰιιΙ
794 2727 880 2782 cidem
896 2734 997 2784 dimccel
1008 2735 1074 2786 tacta
1087 2734 1169 2782 iuerat
1181 2733 1309 2791 domicilii

277 2797 391 2842 mutatio.
400 2797 448 2843 Sed
459 2797 479 2841 si
491 2799 521 2842 ab
532 2797 580 2844 uni
591 2799 617 2844 in
631 2799 718 2858 aliam,
729 2813 807 2849 annus
818 2803 999 2861 requirebatur.
1249 2837 1252 2842 -

215 2923 221 2933 .
308 2865 343 2908 Ex
355 2864 444 2927 statuto
453 2863 580 2912 llisuniino
592 2867 648 2910 anni
660 2867 733 2923 liuh,
745 2869 765 2912 si
777 2869 897 2916 habitatio
908 2872 987 2918 minor
996 2868 1048 2916 erat
1056 2878 1100 2914 sex
1108 2867 1245 2928 mensibus,
1257 2877 1307 2924 aut

278 2943 344 2990 aona
355 2928 364 2992 (
374 2931 396 2978 si
406 2928 527 2978 abnieim
538 2931 639 2984 dioeceai
650 2933 715 2981 lacta
724 2933 805 2982 iuerat
815 2937 993 2996 transmigratio
1005 2935 1024 2996 t,
1036 2937 1062 2982 in
1073 2937 1165 2984 actuali
1177 2937 1307 2991 domicilio

279 3001 400 3059 celebrari
411 2999 517 3047 debebat
533 3000 732 3059 matrimonium,
742 3003 786 3048 sed
796 3002 900 3050 iactisiu
913 2999 1054 3054 immediate
1064 3005 1214 3064 praecedenti
1226 3009 1307 3059 domi·

279 3071 338 3120 cilio
348 3083 391 3118 sex
399 3067 520 3116 meusium
531 3070 573 3116 aut
583 3069 656 3116 unius
665 3069 722 3120 anui
732 3071 963 3132 proclamationibus
973 3101 981 3128 ,
991 3073 1018 3119 et
1029 3071 1129 3120 obtemi
1145 3075 1271 3137 Episcopi,
1282 3083 1303 3128 si

280 3153 312 3186 ex
322 3135 402 3186 alieni
413 3136 526 3194 diecesi,
536 3137 578 3184 aut
587 3137 686 3196 parochi
697 3169 705 3196 ‚
719 3138 739 3184 si
750 3137 777 3184 in
787 3135 873 3186 eidem
884 3139 947 3187 iacta
955 3139 1033 3190 inerit
1042 3142 1169 3202 migratio,
1180 3143 1247 3193 illius
1262 3148 1304 3196 do·

280 3208 369 3256 micilii
378 3205 487 3255 licentii.
496 3201 547 3253 Sed
555 3207 607 3252 hauc
617 3201 695 3252 soliim
704 3206 743 3259 ‚ad
754 3206 873 3254 licitatem
881 3205 1050 3271 probabilius,
1059 3212 1081 3259 si
1090 3211 1214 3262 sufficiens
1228 3215 1303 3267 luerit

280 3279 377 3330 actuale
388 3275 540 3324 domicilium
551 3275 688 3333 acervanda
699 3277 782 3324 tamen
793 3276 869 3324 etiarn
879 3290 955 3326 nnnc.

311 3347 370 3393 liota
380 3357 388 3392 c
400 3344 509 3392 Licentia
525 3343 626 3403 parochi
644 3345 756 3392 extranei
772 3344 829 3394 data
839 3347 954 3395 censetur
963 3359 1009 3408 per
1021 3349 1303 3414 attestationemprocla-

280 3415 396 3461 metionis
404 3414 548 3462 bannorum.
927 3473 928 3476 Ἴ

265 3493 267 3498 ’
289 3481 291 3486 ’
311 3481 371 3527 Nota
383 3478 474 3530 iteruin
484 3496 491 3528 τ
502 3483 527 3530 Si
539 3478 636 3532 incauti
652 3483 744 3534 tactum
763 3483 840 3533 luerit
854 3484 1038 3536 matrimonium
1048 3485 1062 3534 l
1072 3487 1178 3548 parocho
1194 3502 1242 3538 non
1253 3492 1309 3542 sule.

281 3547 388 3594 ticientis
398 3547 517 3598 doniicilii
534 3551 588 3598 sine
602 3552 705 3600 alterius
714 3555 814 3613 parochi
826 3552 940 3614 licentii,
951 3555 1032 3616 sponsi
1042 3558 1124 3606 minen
1140 3569 1190 3607 uon
1200 3562 1255 3609 suut
1265 3575 1313 3611 sr·.

174 3664 178 3668 ,
281 3613 396 3678 parandi,
405 3617 448 3662 sed
460 3618 591 3666 inducendi
602 3619 632 3666 ed
643 3620 810 3669 renovandum
820 3635 972 3670 consensum.

313 3680 443 3741 llucusqud
454 3685 595 3736 dictumest
605 3687 635 3734 ilc
647 3687 772 3738 domicilio
788 3689 861 3750 lacti,
871 3691 937 3752 qnod
947 3691 985 3738 cst
998 3691 1154 3754 domicilium·
1166 3695 1304 3756 maiorum,

282 3749 325 3796 scit
342 3749 422 3830 alind,
441 3753 504 3810 quoii
516 3753 607 3803 dicitur
622 3755 775 3808 domicilium
789 3757 868 3818 luris,
887 3763 924 3808 cei
939 3773 982 3821 pro
994 3748 1304 3826 minorihus‚'ilpiuicitiuoi

283 3830 371 3878 uernpc
384 3820 473 3878 patris,
487 3821 585 3880 matris,
601 3823 728 3870 tutorisve.
