2950 4680
262 345 333 421 280
413 366 466 420 on
486 349 656 432 Qnrn'ro
675 366 726 418 nr
746 343 1138 424 snxro‘rnaacnrro

225 451 444 544 „ignorantia
458 451 591 531 voltadi's
602 449 697 524 animi
716 450 870 522 subtilitas
881 477 953 545 quaa
967 451 1124 520 sufficiens
1142 449 1182 528 ad
1198 473 1285 522 exco-

258 547 402 640 gitandas
413 547 546 618 rationes
557 545 720 616 dubitandi
731 563 763 615 et
777 547 966 618 insullieiens
980 547 1021 614 ad
1037 571 1088 615 eas
1102 545 1283 626 solvendas;

259 642 365 712 vivida
380 642 573 736 imaginatio;
594 643 714 710 occulta
727 644 888 736 superbia;
904 641 1009 712 nimiae
1023 642 1229 716 austeritates.

300 738 367 807 Vel
376 737 552 806 extrinsecae
565 768 574 807 ε
590 737 993 832 scrupulosorumsecietas,
1009 736 1190 808 confessarii
1200 737 1285 823 *seruf

171 831 207 887 '²·
258 834 360 931 pulosi
373 833 522 917 directio,
537 834 629 906 lectio
643 859 768 912 casuum
783 835 977 904 conscientiae
991 860 1050 929 pro
1065 859 1101 902 eo
1114 833 1167 927 qui
1180 834 1283 916 mincis

259 944 305 998 est
319 928 492 1021 intelligens
506 931 546 1000 ad
566 929 820 1012 discernendum,
844 946 896 998 aut
909 929 1043 997 vividiirs
1061 928 1165 996 omnia
1177 928 1281 1009 videt;

258 1017 392 1106 daemon,
408 1021 479 1093 edm
489 1029 600 1118 nempe
612 1024 806 1120 sempulosus
815 1025 983 1117 inpeccato
993 1023 1082 1106 vivit,
1096 1036 1148 1091 aut
1157 1021 1191 1089 in
1200 1023 1284 1092 hono

257 1119 443 1211 refrigescit,
457 1135 509 1188 aut
520 1124 591 1188 clun
604 1117 826 1214 desperationis
837 1117 1003 1187 tentatione
1017 1117 1176 1210 fatigatur.
1195 1117 1284 1186 Tan-

257 1215 330 1284 dem
344 1213 429 1284 Deus
445 1231 474 1283 et
488 1215 620 1310 saepius,
640 1215 693 1309 'qui
713 1214 779 1283 vult
793 1213 942 1282 advitam
956 1215 1070 1282 ducere
1089 1212 1141 1281 via
1160 1212 1282 1292 crucis,

202 1367 214 1396 „
258 1326 318 1380 etc.
333 1309 411 1380 Haec
425 1334 515 1379 causa
533 1310 735 1403 dignoscitur,
751 1313 823 1378 ciem
836 1307 972 1406 scrupuli
985 1307 1147 1376 horrorem
1160 1306 1284 1402 peccati

197 1468 199 1477 ,
257 1407 408 1496 majorem
421 1405 584 1490 incutiunt,
598 1405 671 1474 vitae
689 1403 934 1475 emendationem
948 1403 1170 1494 accuratiorem
1183 1400 1283 1472 addu-

257 1516 340 1568 cunt.
362 1501 515 1594 Magnum
528 1517 631 1580 tamen
645 1527 683 1570 err
702 1499 856 1596 scrupulis.
880 1498 1017 1568 fructum
1035 1497 1188 1598 percipiet
1209 1521 1282 1592 poe·

241 1596 376 1688 nitens,
395 1597 423 1664 si
436 1596 624 1666 confessario
642 1622 674 1665 se
689 1596 813 1665 subdat.
1140 1592 1144 1604 ’

183 1758 185 1762 .
240 1777 245 1784 .
299 1692 365 1762 Sed
378 1692 477 1761 omnis
492 1691 614 1785 generis
628 1715 726 1762 causae
740 1694 822 1788 saep'e
834 1703 1010 1763 occurrunt.
1045 1735 1049 1740 ,

298 1887 371 1976 706.
395 1883 542 1979 Scrupuli
556 1883 589 1952 in
602 1909 714 1976 genere
727 1881 865 1952 remedia
879 1896 965 1966 sunt,
977 1881 1056 1950 sicut
1068 1880 1102 1948 in
1116 1879 1185 1949 aliis
1198 1905 1280 1974 mor-

239 1979 317 2068 lris,
343 1979 442 2050 causis
464 1980 631 2057 contraria.
650 1979 843 2048 Amovendae
857 1981 931 2071 ergo
953 1976 1090 2088 primum
1109 2002 1208 2046 causae
1219 2001 1279 2073 ⁴per

256 2077 449 2170 corporalem
478 2075 740 2160 exercitationem,
768 2072 876 2164 magni
902 2098 983 2142 aerrs
1011 2071 1233 2168 captationem,
1248 2086 1282 2145 et

245 2172 422 2268 ⁴aliquando
450 2170 564 2240 medici
588 2175 700 2266 operat,
733 2185 793 2240 etc.
823 2167 1042 2238 Melancholici
1071 2167 1111 2236 ad
1137 2167 1279 2236 laetitiam

254 2266 420 2344 excitandi,
436 2266 555 2334 animus
579 2263 696 2332 timidis
711 2264 875 2358 erigendus
890 2280 919 2336 et
933 2263 1039 2334 vivida
1059 2261 1281 2355 imaginatione

253 2360 375 2427 donatis
398 2358 563 2428 dicendum
586 2375 622 2428 ut
645 2384 751 2428 omnes
771 2360 901 2428 nnmind
923 2364 1008 2452 jocos
1030 2359 1094 2450 ejus
1117 2375 1276 2454 spernant.

253 2453 406 2547 Superbis
431 2453 622 2538 humilitas,
638 2452 813 2522 diffidentia
838 2471 868 2525 et
894 2455 1045 2546 subjectio
1072 2453 1275 2524 inculcandae.

253 2549 320 2621 Sed
335 2549 387 2619 vix
402 2575 473 2618 reor
488 2551 555 2618 esse
568 2550 726 2644 scrupulos
749 2550 805 2644 qui
819 2578 857 2620 cx
877 2550 939 2622 alit
952 2553 1044 2622 causa
1062 2549 1166 2648 potiris
1181 2555 1277 2646 quim

239 2643 457 2740 ⁴exsuperbirl,
473 2645 703 2741 praeeipuenon
716 2646 851 2720 veniant.
942 2650 944 2654 ’
1298 2647 1300 2650 ’

293 2737 1276 2836 Generaliterloquendo.instrucndisuntscropulosi[163](a),

253 2850 302 2918 et,

240 2917 246 3024 ζ
296 2934 328 3041 tf
342 2925 554 3039 Convincendi
567 2955 601 3002 se
615 2955 682 3006 esse
695 2931 903 3029 scrupulosos,
927 2945 959 3002 et
971 2928 1111 3028 apprime
1125 2931 1145 3000 ὲ
1158 2929 1277 3004 confes-

250 3051 334 3098 sarm
353 3051 506 3118 cognoser.
656 3047 658 3054 '

293 3128 326 3190 2⁰
341 3121 523 3215 Nunquam,
540 3146 577 3189 ex
589 3121 727 3189 unanimi
741 3120 903 3191 doctorum
916 3121 1079 3206 sententia,
1091 3120 1159 3190 salli
1173 3121 1228 3218 qui
1241 3147 1276 3194 se

238 3215 355 3306 ¹subdit
368 3217 493 3298 rectori,
509 3215 566 3285 etsi
578 3233 679 3285 rector
693 3215 863 3300 falleretur,
877 3243 935 3304 nec
949 3220 1058 3286 reveri
1078 3237 1277 3310 cognosceret

250 3327 365 3381 statum
390 3311 565 3408 poenitentis
579 3310 719 3381 facientis
737 3313 820 3406 quod
841 3311 921 3382 inse
943 3330 988 3383 est
1002 3329 1037 3383 ut
1058 3330 1283 3406 cognoscatur..

249 3406 354 3478 Aliter
367 3407 487 3475 mdlum
501 3407 743 3504 esset-scrupulis
758 3408 942 3492 remedium,
965 3413 1037 3478 edm
1053 3409 1225 3506 scrupulosi
1240 3433 1275 3476 se

249 3502 337 3596 ipsos
352 3526 462 3570 curare
474 3517 640 3594 nequeant.

290 3601 325 3662 3ο
338 3595 500 3682 Edocendi
512 3597 753 3666 et‘convincendi
764 3597 848 3690 quod
859 3623 893 3667 se
904 3598 987 3695 ipsos
998 3623 1061 3666 non
1075 3609 1271 3690 cognoscant,

248 3690 333 3782 quod
346 3714 438 3760 sensu
449 3691 549 3784 magis
562 3694 657 3786 quam
671 3690 789 3764 ratione
802 3707 914 3784 agant,
931 3708 962 3761 et
974 3694 1059 3785 quta
1073 3707 1152 3760 esset
1164 3685 1274 3758 intole-

250 3785 349 3854 rabile
364 3783 480 3854 hahere
498 3787 640 3874 practicd
652 3811 712 3879 pro
732 3803 859 3880 peccato
879 3787 962 3882 qudd
976 3787 1051 3881 ipsis
1072 3785 1129 3852 sub
1143 3781 1272 3856 dubium
1386 3857 1390 3860 ,

240 3880 345 3972 recedit,
359 3885 438 3952 edm
446 3883 484 3954 de
499 3872 736 3954 evidentissima
749 3882 908 3967 dubitent,
932 3882 1018 3976 quod
1031 3880 1092 3982 ipsi
1105 3881 1146 3955 dc
1159 3878 1273 3973 horum
