2952 4670
571 398 810 454 oaoaaooa
1162 377 1207 468 73

179 485 275 552 deficit,
287 507 316 541 ae
328 485 433 553 protendi
441 523 449 552 ‚
458 489 589 538 imminuto
599 491 674 537 otiam
685 489 780 550 pretio,
792 486 908 548 peccatur
916 479 998 536 oanni
1007 483 1136 546 insudant.
1145 485 1208 532 ‘tan-

180 567 234 613 dem
246 564 375 622 mpuatttas
389 573 439 608 non
455 570 552 618 semper
563 557 710 604 adamussim
726 550 915 603 servaturinter
931 565 983 602 rem
994 556 1019 601 et
1030 555 1147 614 pretium.
1160 555 1209 602 att-

180 636 236 694 quid
253 633 322 681 enirn
343 631 408 678 tueri
443 625 508 688 repe
524 627 612 674 saitem
626 627 728 688 injusti,
739 625 853 674 venditor
866 626 992 685 reportare
1006 624 1128 685 totondit,
1142 626 1209 676 etde

179 700 402 817 fallbnlrilldtddla
415 764 529 813 facultate
548 763 693 823 varisiensi,
708 757 822 822 tanlquam
839 761 991 820 teintona
1002 761 1059 809 ildel
1074 761 1209 820 etiusiitio

179 842 286 901 pubtteae
298 835 497 892 corniearimbmc
514 833 647 894 propositio
659 844 667 879 t
677 835 775 880 Ltettnm
784 836 818 880 ret
829 831 970 879 tabernariis
982 833 1063 879 ennom
1074 834 1137 892 opto
1151 835 1210 882 mit·

180 925 244 965 cere,
257 912 278 954 et
289 905 507 966 opriedtetnitieom
517 903 598 962 pelen,
609 905 631 949 et
641 903 951 960 coomnipotentem,
960 898 1084 950 dommedd
1092 903 1209 952 mertem

181 991 227 1024 non
239 978 368 1024 reddantur
379 976 407 1021 its
418 973 499 1033 poibrts
508 973 661 1020 communiter
670 973 811 1020 vendentur.

212 1043 244 1106 (e)
257 1044 327 1090 Nulla
339 1045 420 1088 tamen
432 1043 496 1087 esset
509 1039 648 1097 injustitia,
660 1040 775 1098 iniquirant
791 1037 882 1098 aliqui,
893 1036 913 1084 sl
923 1037 1019 1096 emptor
1026 1035 1103 1085 nollet
1111 1037 1208 1097 lustum

180 1115 289 1173 pretinm
300 1111 411 1167 sotvere,
422 1107 462 1155 rei
471 1107 608 1167 respnbtioa
616 1104 681 1165 insti
689 1109 784 1154 tamo.
790 1107 924 1166 Equidem
935 1106 978 1154 sed
987 1100 1061 1167 quin
1071 1103 1209 1167 pateutmt

181 1182 296 1230 venditor
306 1180 469 1230 constitueret
480 1191 506 1226 se
517 1177 596 1226 solum
604 1177 715 1235 jndicem
729 1177 833 1226 mareis!

213 1249 247 1312 (d)
261 1250 292 1297 ot
301 1244 392 1308 nempe
403 1249 525 1308 emptores
543 1247 591 1294 sibi
610 1246 750 1306 procurent.
763 1245 790 1292 ln
800 1258 848 1307 qno
859 1255 917 1294 catu
931 1245 957 1293 ei
972 1243 1029 1292 altit
1039 1243 1211 1296 venatoriam

139 1326 145 1335 “
181 1321 298 1368 tenentur
317 1319 463 1376 restituere,
484 1317 624 1376 quintanae
640 1315 697 1364 aunt
707 1313 797 1374 injusta
815 1327 860 1363 enr
873 1326 921 1362 non
935 1314 972 1364 tot
986 1325 1081 1364 memes
1091 1315 1208 1365 vendant.

182 1393 254 1438 Dent.
266 1388 294 1436 td
301 1389 392 1434 notiam
402 1386 602 1446 affirmare,quia
613 1380 670 1432 edm
681 1384 748 1434 trans
757 1386 832 1434 ineos
839 1383 933 1434 directa
942 1397 991 1434 nott
1000 1386 1044 1445 eit,
1052 1387 1209 1438 incommmt

182 1458 311 1505 bominum
325 1455 486 1505 aestimatione
501 1467 551 1502 aon
564 1453 714 1512 haberentur
724 1454 805 1502 torsan
815 1456 842 1504 ut
855 1467 933 1504 cause
947 1454 1090 1504 damnorum
1100 1469 1155 1516 quae
1164 1455 1208 1506 atti

183 1525 320 1574 rendentes
329 1524 471 1586 patiuntur,
482 1517 567 1584 utpote
584 1535 639 1584 quae
647 1533 697 1570 non
706 1523 755 1570 nisi
765 1518 886 1573 indireetb
896 1535 929 1573 ex
939 1522 1025 1574 bande
1035 1523 1178 1589 nqmnnr.

571 1689 767 1741 annicetus
781 1691 826 1741 lV.

413 1862 452 1910 lta
466 1859 655 1924 obligationibus
672 1859 808 1912 venditoris
818 1861 844 1912 et
853 1862 979 1926 emptoria.

194 2017 196 2021 V
230 2064 248 2093 α
262 2033 312 2102 Le
323 2031 460 2104 vendent
472 2055 492 2098 a
505 2031 586 2098 deux
600 2027 785 2119 obligations
801 2029 1003 2124 principales,
1019 1985 1096 2102 celle
1115 2031 1155 2102 de
1174 2031 1210 2100 li-

188 2155 207 2186 ·
221 2153 295 2197 vrer
309 2143 338 2197 et
347 2127 424 2196 celle
439 2126 479 2196 de
489 2123 629 2219 garantir
642 2123 675 2192 la
689 2121 783 2193 chose
797 2125 950 2212 »(1603).

672 2315 724 2384 sn

228 2495 302 2572 481.
321 2487 373 2558 Ex
387 2485 574 2579 obligatione
590 2511 658 2556 rem
670 2485 814 2556 tradendi
827 2485 965 2581 sequitur
979 2485 1128 2582 obligatio
1143 2517 1211 2564 eam

185 2611 284 2678 nsque
296 2584 358 2652 biae
380 2582 572 2651 custodiendi
584 2599 620 2651 ut
632 2607 732 2653 suam.

228 2677 441 2749 Immobilium
448 2677 573 2770 traditio
582 2679 617 2745 fit
626 2703 682 2772 per
698 2677 850 2761 clavium,
864 2676 893 2747 si
903 2678 1012 2747 domus
1021 2677 1081 2764 sit,
1098 2696 1129 2750 et
1141 2683 1212 2758 titu-

186 2776 289 2845 lorum
301 2773 502 2880 proprietatis
514 2773 713 2842 traditionem
724 2775 847 2860 (1605).

228 2868 399 2936 Mobilium
411 2871 502 2949 verb,
519 2867 685 2936 traditione
696 2893 803 2940 eorum
816 2863 915 2952 reali,
932 2867 984 2937 vel
996 2867 1129 2939 clavium
1140 2872 1212 2942 aedi-

187 2963 330 3032 fieiorum
344 2964 377 3030 in
398 2964 509 3056 quibus
523 2979 612 3047 sunt,
629 2963 681 3032 vel
695 2962 761 3031 solo
782 2988 932 3036 consensu
951 2966 1104 3058 partium,
1127 2967 1154 3037 si
1167 2969 1213 3036 in·

187 3059 281 3127 amnti
291 3061 466 3126 eontraetds
477 3057 660 3127 venditionis
671 3059 833 3128 transferri
842 3075 1006 3154 nequeant,
1016 3076 1069 3129 aut
1078 3064 1143 3152 jam
1152 3063 1214 3140 alio

188 3152 278 3222 titulo
288 3153 349 3222 sint
362 3153 395 3220 in
409 3154 722 3248 potestate‘empioris
736 3154 860 3240 (1606).

231 3249 254 3318 J
255 3249 357 3316 urium
371 3247 624 3341 incorporeorum
637 3248 764 3319 traditio
782 3249 817 3314 fit
830 3246 880 3315 vel
892 3271 948 3341 per
966 3245 1166 3323 traditionem
1176 3249 1215 3319 ti·

188 3344 334 3427 tulorum,
346 3343 396 3411 vel
406 3369 462 3422 por
473 3369 563 3412 usum
574 3333 667 3437 quenl
674 3342 789 3411 bormn
799 3342 876 3412 facit
886 3358 1006 3435 emptor
1017 3342 1057 3413 de
1067 3367 1215 3423 consensu

189 3439 358 3509 venditoris
373 3441 499 3526 (1617).
1133 3485 1136 3490 -

232 3533 355 3604 Caetera
368 3534 442 3602 vide
456 3547 533 3602 secte
553 3557 588 3617 a,
607 3557 676 3628 cap.
697 3538 733 3616 d,
751 3531 801 3602 tit.
819 3536 858 3617 6,
881 3532 938 3602 lib.
957 3538 990 3604 3.
1009 3534 1121 3604 Solbm
1133 3533 1187 3608 bie

230 3626 317 3698 Nota
336 3629 492 3722 praecipue
511 3643 574 3698 iton
593 3627 692 3697 teneri
712 3629 905 3698 venditorem
929 3655 996 3699 rem
1016 3630 1162 3716 tradere,
1188 3635 1217 3704 si

190 3723 1213 3820 emptornonsolvatpretium‚nisidilationemconcesserit(1612).

177 3867 180 3876 -
232 3821 296 3890 Sed
309 3819 533 3916 nequidemtin
545 3819 605 3890 hoe
619 3845 706 3904 casu,
731 3820 759 3890 si
771 3836 890 3916 emptor
909 3821 979 3889 foro
998 3821 1138 3900 cesserit,
1154 3821 1215 3901 vel,

190 3929 262 4000 ete,
271 3922 439 4016 intempore
448 3915 698 3985 venditionissoit
706 3916 812 3984 tombe'
818 3938 855 3984 en
868 3921 935 3986 e'tat
944 3913 1168 4004 dejoillitenel
1179 3939 1216 3998 err
