2926 4680
235 259 308 334 388
566 250 934 330 nn'sacnnnrnno

238 405 240 413 .
266 365 304 432 (a)
314 366 365 416 Etsi
383 365 488 417 meledo
502 364 632 426 multgerlt
641 359 770 426 postquam
782 361 897 414 mutiens
905 360 956 414 fult
964 362 993 411 ln
1001 357 1085 422 merl,
1095 356 1166 408 nodb
1177 357 1265 408 clamne

233 451 268 488 ex
279 435 346 485 mort
353 435 498 484 evenientia
509 433 707 496 compensentur.
718 433 798 482 coltet.

264 508 312 556 sed
323 507 390 567 quid,
403 507 423 552 si
434 503 536 566 praevisi
544 504 688 560 mutatione,
699 503 756 564 quis
766 495 835 561 reque
846 493 1264 549 contraxissetliuxtal’.tlab.hnt.
1307 511 1312 525 ⁴

234 577 345 634 elalius,
357 575 461 634 excepte
473 587 530 620 casu
541 573 655 632 liceresis,
666 571 750 618 valent
759 570 889 630 sponsalia.
902 565 1031 617 ordinarie
1042 569 1068 615 in
1080 568 1154 616 dublo
1164 561 1266 615 difficile

231 643 370 704 iudicatur,
381 639 438 690 ciam
450 637 490 689 hic
501 645 586 700 agatur
596 641 627 688 de
636 640 726 690 ellectu
736 641 779 700 qui
789 651 839 689 nen
848 639 905 688 tuit.
914 638 1115 687 presumendum
1126 635 1183 696 ergh
1193 638 1220 684 in
1229 637 1266 684 te·

233 702 319 762 rerem
339 710 460 760 lihertatis
469 706 752 772 resiliendi,guandhin
762 708 860 757 casibus
869 707 994 756 similibus
1003 707 1125 770 sponsalia
1134 719 1184 755 nen
1193 706 1265 756 fiunt.

239 905 242 912 Α
255 848 299 912 ¹(b)
311 841 384 895 luxti
400 845 480 894 varios
500 845 623 894 notabiles
638 838 701 894 sunt'
714 843 864 894 mutationes
877 857 963 894 rerum
979 845 1037 894 hae:

265 919 289 964 l⁴¹
300 919 328 963 ln
339 915 409 963 bonis
421 915 497 962 animi
508 927 517 962 c
529 915 645 974 haeresis,
657 927 696 962 ars
707 915 837 962 intamans.

262 985 299 1032 De
311 985 414 1034 crimine
423 986 492 1044 gravi
501 985 623 1032 accusatio
635 985 744 1044 publica.

262 1053 401 1108 Dihamatio
412 1066 444 1104 ex
456 1053 521 1102 furto
532 1055 575 1100 aut
586 1054 663 1101 altero
674 1053 756 1113 sponsi
766 1051 898 1112 parentum
908 1053 950 1100 aut
958 1053 1061 1100 aliemm
1072 1051 1266 1114 propinquorum

232 1121 350 1181 crimine,
362 1122 402 1170 vel
413 1122 433 1168 si
445 1121 497 1181 ipso
509 1135 611 1182 sponsus
629 1135 742 1182 spensam
753 1122 983 1181 ninarnetjactanno
994 1135 1019 1169 se
1032 1135 1089 1169 cum
1101 1121 1130 1170 ea
1141 1134 1264 1182 peccasse.

263 1191 346 1248 ldagna
358 1191 423 1238 inter
433 1203 532 1250 sponsos
540 1191 677 1239 animorum
688 1193 806 1238 alienatio
816 1188 1037 1252 (quaeplerr'rmque
1045 1190 1172 1254 culpanon
1180 1189 1265 1254 vacat)
1331 1226 1335 1235 .

232 1268 307 1319 quarn
317 1260 338 1305 si
349 1260 436 1306 tollere
447 1260 556 1320 nequeat
567 1262 664 1320 paster,
674 1274 723 1308 non
735 1261 803 1322 cegat
813 1261 845 1309 ud
858 1260 1051 1308 matrimonium.

263 1328 332 1374 hince
344 1330 409 1375 inter
419 1330 534 1388 parentes
545 1328 588 1377 aut
599 1328 714 1379 iamilias.

240 1441 242 1450 ,
262 1395 427 1444 Contradlctle
442 1399 583 1456 parentum.

261 1465 345 1512 'timer
353 1462 417 1512 bene
427 1465 543 1513 tundalus
551 1465 668 1514 scandali.

262 1534 288 1582 si
299 1545 401 1594 sponsus
412 1535 610 1596 deprehendatur
621 1536 681 1582 aleae
690 1533 734 1582 aut
744 1531 860 1582 ebrietati
879 1531 990 1592 deditus,
1000 1529 1041 1580 vel
1060 1531 1144 1594 ferox,
1162 1533 1264 1596 spurtus

231 1605 276 1652 aut
293 1604 372 1662 spurii
389 1615 485 1663 parens.
868 1625 872 1630 ν

261 1667 574 1731 sr,jurtip1ures‚vrnua
585 1669 784 1730 deprehendatur
794 1680 849 1730 quae
858 1667 991 1728 putabatur
1000 1669 1078 1730 virge.

261 1741 288 1789 2⁰
299 1743 327 1788 ln
337 1741 407 1788 benis
415 1741 538 1800 corporis:
553 1740 633 1798 gravis
644 1740 736 1788 olentia
753 1738 803 1785 eris
811 1738 854 1785 aut
864 1736 1017 1785 dillormltas.

261 1810 393 1858 infirmitas
404 1809 496 1869 quevis
506 1809 547 1857 cui
558 1807 652 1856 mederi
663 1820 711 1856 nen
721 1807 811 1867 pessit,
822 1808 850 1856 nt
860 1807 1088 1867 lepra‚pardysis‚
1098 1806 1165 1855 oculi
1182 1807 1265 1868 priva·

230 1879 276 1939 tie,
286 1879 470 1940 impossibilitas
478 1880 559 1928 actum
568 1879 721 1938 coniugalem
729 1875 836 1925 faciendi
845 1878 905 1937 quin
913 1877 1021 1935 graviter
1030 1878 1147 1924 noceatur
1155 1878 1263 1926 sanitati.

261 1950 370 1998 'landem
386 1945 459 2008 J'uxtd
470 1950 572 2009 multos,
583 1949 603 1996 sl
615 1961 702 2010 sponsa
717 1948 747 1994 ab
759 1947 808 1994 eris
826 1945 954 1994 venustate
966 1944 1080 2005 excidat,
1097 1942 1263 2004 praesertimsi

231 2029 335 2078 sponsus
345 2031 390 2078 per
398 2029 507 2078 persona
517 2017 665 2078 elegantiam
671 2016 867 2065 mediocritatem
877 2015 981 2063 iertunae
991 2014 1045 2074 eius
1052 2015 1188 2062 intenderit
1198 2013 1264 2062 tem·

231 2100 346 2149 pensare.
471 2129 474 2134 .
659 2097 664 2106 ·

262 2159 288 2204 5⁰
300 2158 327 2201 ln
338 2155 408 2202 bonis
418 2154 522 2203 fortunae
532 2165 541 2202 a
551 2154 580 2202 ut
588 2156 681 2213 quavis
691 2155 772 2214 gravis
785 2153 899 2212 jactura,
910 2154 985 2202 etiam
996 2152 1067 2214 culpi
1079 2153 1201 2202 neutrius.
1262 2190 1266 2196 ,

252 2224 369 2270 .Privetie
385 2223 466 2280 dotis,
479 2224 521 2270 aut
537 2223 612 2268 timor
630 2224 737 2280 prudens
752 2223 971 2282 exhaeredationis,
984 2223 1097 2282 quamvis
1117 2223 1180 2270 dotis
1199 2222 1264 2271 tacta

231 2303 281 2339 uon
298 2290 375 2337 luerit
392 2291 500 2348 mentio,
520 2290 540 2335 si
553 2290 699 2336 credebatur
715 2291 836 2347 existere,
851 2291 899 2337 etsi
916 2290 967 2336 haec
984 2291 1142 2338 evenienter
1158 2289 1264 2352 utrdque

231 2358 315 2421 parte;
326 2352 441 2416 quietim
453 2367 517 2414 non,
528 2357 571 2402 aut
581 2352 651 2413 longi
663 2351 789 2402 ditiiciiihs
800 2356 859 2402 terri
870 2357 970 2413 possent
981 2358 1132 2404 matrimonii
1146 2371 1231 2406 onera.

261 2426 286 2472 Si
296 2426 379 2471 tamen
389 2423 429 2471 vir
438 2420 507 2483 aequd
518 2423 620 2482 pauperi
632 2423 725 2467 nubere
736 2422 811 2481 velit,
823 2424 899 2480 priori
912 2423 1032 2469 inhaerere
1048 2425 1131 2471 debet.

261 2493 394 2554 Disputant
407 2503 439 2539 an
453 2491 550 2539 resilire
567 2489 642 2550 pessit
654 2489 675 2536 is
684 2489 755 2548 cnjus
775 2485 921 2548 magnopere
932 2491 1048 2536 accressit
1062 2489 1145 2539 subite
1155 2493 1263 2541 tertona·

231 2563 373 2612 Adducatnr
383 2561 414 2610 ad
428 2561 586 2619 mudum,
603 2559 685 2607 dnm
701 2560 734 2606 sit
749 2559 824 2606 etiarn
840 2560 900 2606 tunc
915 2558 1014 2617 longum
1025 2559 1091 2607 inter
1100 2560 1213 2612 fortunas
1224 2561 1264 2612 iu·

231 2632 364 2680 lervallum
372 2664 380 2691 ,
388 2632 431 2679 rel
440 2629 471 2680 ad
482 2629 623 2678 indemnem
634 2629 797 2689 praestandum
808 2629 928 2688 alterum,
940 2627 960 2675 si
980 2640 1036 2675 cum
1048 2640 1077 2675 ee
1092 2629 1187 2676 nubere
1199 2629 1265 2678 mul-

231 2701 286 2748 tum
297 2701 434 2751 aversetur.
444 2700 512 2747 idem
521 2699 551 2746 de
562 2699 639 2746 nobili
649 2699 692 2758 qui
703 2698 802 2746 delectu
813 2698 915 2745 fortunae
925 2697 1029 2757 plebeiae
1038 2697 1216 2758 spopondisset.

262 2771 322 2818 Nota
333 2782 345 2816 ι
353 2770 380 2816 ci
392 2766 469 2818 sellim
478 2769 580 2817 libertas
590 2767 755 2817 resiliendiin
766 2768 839 2816 dictis
849 2768 947 2815 casibus
961 2768 1079 2827 competit
1089 2768 1132 2828 qui
1140 2767 1264 2826 iacturam

231 2851 281 2887 nen
290 2840 328 2884 est
338 2851 431 2897 passus.
444 2839 556 2885 httamen
564 2849 648 2885 rerum
658 2838 762 2884 mutatio
771 2850 823 2886 esse
830 2839 912 2898 posset
921 2833 1052 2897 aliquande
1063 2847 1107 2896 pre
1115 2837 1192 2886 altere
1200 2836 1263 2890 ade'o

231 2905 361 2964 notabilis,
372 2907 400 2953 ut
410 2910 436 2952 et
446 2906 500 2965 ipse
511 2905 606 2952 resilire
620 2907 712 2965 posset.

249 2973 251 2980 '
263 2970 296 3035 (c)
306 2969 395 3021 illicite
406 2974 465 3020 tunc
476 2972 534 3020 erdo
545 2985 615 3020 sacer
624 2973 771 3032 suscipitur,
781 2967 853 3031 luxti
863 2968 1035 3034 plnrescontrh
1046 2973 1264 3036 airos‚qrivi‹ient

231 3045 269 3094 lbi
279 3057 363 3094 rerum
373 3042 535 3091 mutationem
543 3043 676 3092 notabilem
686 3043 713 3090 in
724 3045 824 3092 molius.
832 3045 995 3094 iudicandum
1005 3041 1048 3094 hle
1058 3059 1091 3094 ex
1102 3047 1264 3096 circumstan-

231 3117 284 3164 tiis.
295 3111 366 3164 certe
375 3114 432 3162 ordo
442 3126 511 3162 sacer
520 3113 687 3173 susciperetur
696 3111 797 3173 illiciti,
808 3114 829 3162 si
844 3117 970 3166 occasione
987 3117 1137 3178 sponsalium
1149 3117 1201 3166 sire
1216 3131 1264 3180 pu·

231 3183 368 3243 blicorum,
380 3182 433 3231 sive
444 3181 663 3240 clandestinorum,
674 3193 777 3242 sponsus
787 3194 898 3242 sponsam
909 3186 1065 3246 corrupisset.
1079 3187 1158 3234 ibent.
1169 3187 1231 3236 Pici.

263 3253 570 3320 lletatidemauctoreum
580 3249 638 3311 qui,
649 3249 768 3308 obtestas
786 3263 871 3300 musas
888 3253 986 3302 ordines
999 3255 1103 3315 suscipit
1121 3255 1177 3316 pest
1190 3267 1264 3316 spon·

232 3324 307 3382 ntia,
318 3323 362 3375 aut
372 3321 519 3382 religionem
527 3321 680 3382 ingreditur,
691 3321 782 3369 debere
789 3323 911 3376 resarcire
923 3323 1024 3383 damna,
1036 3338 1061 3373 ι.
1072 3336 1119 3384 gn,
1131 3335 1262 3383 expensas.

232 3387 270 3436 De
280 3391 430 3450 suscipiente
446 3391 545 3438 ordines
564 3390 681 3441 transeat.
701 3389 751 3437 Sed
766 3390 797 3437 de
808 3390 963 3449 ingrediente
981 3391 1127 3450 religionem
1144 3404 1193 3439 nen
1207 3404 1264 3440 reor

232 3469 292 3582 ieuna
307 3459 388 3507 teneri
405 3447 454 3507 nisi
469 3458 501 3506 ad
518 3469 639 3520 expensas
657 3459 683 3507 et
699 3458 781 3507 ioman
795 3455 874 3506 sellim
890 3471 934 3519 pro
948 3457 991 3506 sui
1006 3461 1091 3519 parte,
1111 3471 1169 3508 nam
1183 3459 1265 3508 utimr

244 3537 289 3575 ure
299 3537 352 3576 sue.

263 3589 364 3650 Quodsi
375 3605 476 3653 spemns
484 3593 584 3644 ordines
594 3596 700 3644 minores
710 3593 791 3645 sutrim
800 3596 935 3660 suscipiat,
946 3597 990 3646 aut
1003 3596 1151 3646 novitiatum
1161 3595 1264 3654 religie-

234 3660 274 3708 nis
284 3657 362 3709 sellim
383 3662 549 3724 ingrediatur,
564 3677 650 3732 sponsa
661 3666 743 3725 potest
762 3664 846 3714 statim
857 3665 968 3725 resilire3
979 3663 1024 3714 sed
1037 3677 1087 3712 nen
1105 3667 1172 3725 ipse,
1188 3661 1263 3724 quisi

233 3724 339 3776 ulterius
348 3741 397 3776 nen
406 3731 590 3793 progrediatur,
601 3732 684 3792 illam,
695 3734 716 3780 sl
727 3745 777 3782 nen
787 3733 921 3792 resilierit,
932 3734 1022 3782 ducere
1033 3734 1170 3782 tenebitur.

220 3868 226 3882 ⁹
265 3795 313 3845 Sed
323 3796 428 3858 guid,si
443 3800 498 3858 poet
513 3801 636 3859 sponsalia
647 3813 711 3848 nnus
728 3803 827 3854 emittat
844 3799 923 3852 sellun
933 3805 1019 3852 vetum
1038 3803 1165 3864 religionis
1177 3802 1265 3864 ingre-
