2950 4680
590 273 826 331 nocuusru.
962 307 979 341 ⁵-
1045 299 1051 344 s
1156 255 1224 330 301

240 365 306 455 Sed
319 361 522 462 quacumque
539 363 613 445 fian
629 382 772 456 semper,
795 359 919 438 sicutet
935 363 1078 440 examen,
1097 352 1228 457 propor-

197 465 313 534 tionata
323 487 390 532 esse
401 462 495 532 debet
505 457 600 529 statui
610 456 723 526 actuali
733 454 861 537 infirmi,
875 454 1042 548 aliquandi)
1051 456 1227 552 partienda,

196 560 225 627 si
238 582 295 653 per
309 572 432 650 tempus
446 553 556 633 liceat3
576 551 743 644 aliquandi>
756 575 813 642 per
826 549 1058 619 summasolirm
1072 549 1173 644 capita
1182 553 1228 622 la-

197 654 327 737 cienda,
341 666 472 743 urgente
488 652 599 744 nempi.
615 664 773 740 tempore,
789 645 927 714 curando
941 651 1042 736 magis
1057 646 1096 715 de
1115 649 1228 718 contri·

194 749 279 817 tione
290 751 385 840 quam
397 747 436 815 de
454 743 631 836 integritate
649 740 866 820 comessionis5
879 762 937 808 nce
957 739 1083 810 facilibs
1100 746 1227 814 creden·

196 844 272 914 dum
281 867 344 910 non
357 841 471 910 instare
480 836 667 934 periculum.

140 950 143 955 ’
236 939 300 1006 llic
311 951 391 1011 nota
403 935 510 1005 scdulb
526 934 610 1030 quod
622 932 650 1002 si
664 931 858 1042 Pracipitata
879 929 975 999 fucrit
986 929 1153 1017 confessio,
1173 952 1227 1007 aut

196 1058 267 1103 cum
281 1033 377 1122 signis
391 1029 584 1099 contritionis
599 1029 703 1098 dubiis
714 1029 787 1096 data
800 1026 833 1094 in
849 1025 1038 1103 necessitate
1051 1029 1225 1119 absolutio„

195 1127 365 1196 monendus
387 1127 428 1194 sit
448 1142 572 1220 semper
593 1123 733 1191 infirmus
748 1148 799 1204 se,
821 1137 958 1190 cessante
979 1126 1088 1206 cansa,
1108 1152 1139 1193 v.
1157 1121 1223 1216 gn,

196 1220 368 1298 vehementi
376 1221 486 1317 capitis
505 1220 615 1288 dolore
633 1233 665 1286 et
681 1221 701 1284 it
717 1216 841 1285 fortiori
859 1217 885 1286 si
904 1217 1108 1300 convalescat,
1124 1223 1237 1291 teneri·

194 1316 541 1388 accuratioremlacerc
561 1313 807 1395 consessionem,
823 1314 1045 1406 majoremque
1066 1316 1238 1407 contritio.
1306 1363 1309 1369 ·
1398 1346 1401 1353 ’
1463 1347 1464 1356 ’

149 1433 153 1436 ·
192 1438 262 1482 nem
274 1412 429 1482 ciendam.
445 1409 623 1488 Dicendum
636 1412 711 1500 ergit
721 1438 729 1476 ε
740 1416 889 1478 Accerscs
900 1407 965 1485 me,
979 1408 1010 1475 si
1017 1423 1148 1479 nonsat
1160 1413 1223 1482 cito

191 1519 334 1582 revertar
356 1507 593 1593 (revertendum
609 1505 718 1589 eitiiis)
731 1513 776 1586 ‚et
795 1503 879 1571 dices
889 1502 1003 1570 mibi:
1019 1505 1228 1578 reconciliari

191 1600 295 1692 opto.
311 1609 397 1682 toro,
413 1627 453 1672 ne
463 1599 675 1678 obliviscaris,
684 1597 837 1688 permitto
847 1598 929 1666 nrilri
940 1601 1044 1682 dr'cere
1054 1601 1115 1670 titi
1125 1615 1220 1675 tunc:

190 1699 309 1768 dixisti
316 1695 649 1792 quddoellrs‚quandd
666 1704 820 1771 revertar,
833 1693 947 1762 iterum
955 1695 1081 1774 ortdiri·,·
1093 1721 1131 1768 en
1143 1707 1222 1794 ergd
1308 1781 1312 1792 N

189 1793 323 1875 ordiam
336 1805 378 1862 te.
394 1799 462 1862 Imo
485 1789 613 1861 etiamsi
629 1789 719 1858 dicos
733 1797 764 1858 tr
779 1789 869 1872 nibil
887 1789 1003 1858 dobere
1018 1792 1157 1881 amplios
1172 1799 1222 1864 di-

191 1889 343 1972 ccndum,
364 1887 514 1978 permitte
534 1886 698 1955 ot‘dicam
713 1911 723 1950 .·
739 1885 920 1963 oblituros,
941 1895 974 1954 ct
996 1897 1032 1956 ot
1054 1897 1085 1957 tc
1103 1889 1218 1960 iteretur

189 1983 351 2052 audiam..
484 2002 486 2013 ⁴
798 1981 800 1984 ’
831 1995 836 1999 ’
1146 2031 1158 2048 -,

230 2077 275 2147 Et
288 2076 354 2146 haec
368 2078 476 2146 contris
490 2073 585 2168 sigilli
598 2072 798 2143 violationem
812 2073 931 2142 cautela
942 2073 1129 2158 adhibenda,
1141 2101 1221 2173 pra-

189 2176 297 2242 sertim
307 2177 378 2240 clrm
389 2169 505 2240 infirmi
515 2171 620 2240 audita
627 2168 780 2238 confessio
788 2182 846 2250 est,
858 2169 913 2238 sed
923 2171 1062 2238 nondirm
1075 2171 1135 2266 ipsi
1146 2174 1221 2257 data

188 2266 353 2338 absolutio.
370 2267 462 2362 Saepir
479 2265 562 2335 enim
576 2266 629 2334 liet
643 2264 728 2358 quod
744 2263 932 2332 confessario
948 2267 1116 2335 revertenti
1131 2283 1162 2336 ct
1173 2269 1219 2348 in·

187 2361 358 2456 terroganti
368 2364 417 2450 (ut
431 2387 553 2470 semper
564 2357 922 2453 fieridebet)ni1mquid
935 2359 1038 2428 adhirc
1051 2360 1218 2434 dicendum

134 2523 137 2527 .
187 2454 310 2540 babeat,
326 2457 526 2554 respondebit
536 2455 693 2549 negativb.
850 2477 854 2482 ·

228 2551 292 2621 Sed
303 2552 418 2646 quidsi
430 2549 548 2620 cautela
562 2549 705 2620 adhibita
716 2575 779 2618 non
788 2548 885 2628 suerit
895 2573 952 2618 nec
966 2549 1039 2619 data
1049 2551 1214 2637 absolutio,
1321 2621 1323 2624 ,

186 2659 218 2716 et
235 2673 284 2715 res
307 2648 421 2716 ondeat
434 2648 574 2717 infirmus
595 2673 630 2715 se
647 2646 728 2715 nihil
741 2645 875 2740 ampliirs
898 2644 1015 2714 babere
1030 2646 1214 2733 dicendum,

185 2767 241 2811 uec
254 2674 435 2811 dilationem
455 2745 585 2812 morbus
603 2742 709 2813 serat?
726 2741 924 2820 Excitabitur
943 2741 984 2809 ad
995 2743 1216 2828 vcontritionem

130 2911 134 2918 ,
184 2833 263 2906 sicut
273 2836 444 2908 excitantur
457 2837 511 2906 alii
522 2837 649 2921 infirmi,
664 2865 727 2908 non
734 2841 848 2927 magis,
862 2852 892 2907 et
902 2836 1091 2920 absolvetur,
1107 2864 1216 2936 expec-

183 2933 296 3017 tando,
321 2931 452 3017 silicet,
473 2948 595 3030 tompus
615 2933 861 3006 ceremoniarum
881 2934 1212 3019 extrema-unctionis,

182 3031 255 3121 quia
270 3044 343 3098 tunc
362 3029 486 3102 saciliits
499 3031 587 3100 nullo
601 3032 782 3102 advertente
796 3027 984 3097 absolvetur.
1007 3027 1045 3098 ln
1065 3030 1214 3101 utrolibet

143 3197 147 3206 .
183 3143 257 3190 casn
280 3121 434 3194 absolutio
462 3126 553 3196 datur
573 3153 629 3218 per
653 3127 750 3197 verba
774 3123 901 3193 omninb
928 3123 1119 3202 necessaria,
1142 3125 1213 3193 sub-
1268 3132 1270 3137 ’

182 3216 279 3287 mlssd
293 3244 368 3288 voce
383 3234 414 3287 et
427 3221 512 3291 nullo
525 3222 608 3291 facto
620 3221 710 3314 signo
725 3220 838 3305 crucis,
854 3217 983 3288 sialiter
996 3217 1065 3289 lieri
1077 3222 1143 3288 tutb
1159 3245 1212 3289 nc-

196 3325 288 3380 ΗΘΜ.
897 3355 898 3358 “
922 3355 924 3358 ·
1063 3355 1065 3360 ·

183 3334 205 3403 q
223 3404 311 3476 Nota
327 3405 444 3475 iterium
459 3435 467 3477 ε
484 3409 622 3497 Quandb
634 3406 745 3476 mulier
768 3408 892 3477 auditur
905 3409 938 3476 in
957 3424 1065 3505 partu,
1081 3409 1140 3478 etsi
1157 3435 1211 3506 pe·

182 3497 315 3666 didimi
329 3525 393 3686 n&
404 3499 511 3588 instet,
525 3501 653 3574 brevies
663 3505 759 3597 quirin
771 3500 841 3570 lieri
854 3517 971 3587 potest,
985 3505 1129 3576 facienda
1143 3509 1208 3599 ejus

181 3621 218 3664 co
253 3619 333 3666 essro
396 3647 408 3670 .
777 3628 779 3632 ·

209 3749 246 3814 (o)
255 3752 432 3804 nonfacienda
442 3753 496 3806 stne
505 3753 666 3815 nccmltatc,
676 3767 723 3814 nco
736 3755 828 3806 tevttcr
840 3751 1004 3818 permittenda
1017 3735 1138 3807 timorata
1147 3768 1206 3806 con·

177 3819 287 3896 utentia
296 3823 417 3900 personis.
427 3825 452 3872 s.
463 3823 578 3883 aetatu,
590 3823 615 3872 tn
628 3823 849 3876 constitutionibus
856 3822 968 3878 aarum
977 3825 1132 3886 renovantis.
