2964 4674
291 244 363 326 208
437 270 493 338 nn
511 254 706 329 secunao
725 277 778 331 ne
795 259 950 334 enarre
973 281 1205 358 ermenero

318 361 390 414 Parvi
398 361 516 410 momenti
524 359 646 442 ‘discussio
657 363 720 414 toret
729 373 774 427 pro
782 368 864 428 praxi,
875 360 932 426 cum
939 381 998 418 usus
1008 372 1040 420 sit
1051 365 1183 423 confitendi
1191 387 1237 437 pro
1248 355 1314 426 conr·

287 437 406 491 mentone
421 430 546 512 ¹³³t⁰¹¹tt¹³
563 433 589 478 θ’*
607 433 740 494 atrumque
750 437 900 496 praeceptum
911 450 955 498 oro
966 438 1050 487 debito
1063 443 1174 501 nasum
1184 443 1314 506 naussum

286 512 308 558 ⁸¹
319 518 369 556 '¹⁰¹²
379 501 461 550 ‘⁸⁵⁰¹st
471 513 514 560 ‘1¹¹¹
525 501 690 549 ⁰⁰¹¹¹¹¹¹¹¹¹¹¹⁰¹¹¹
700 505 810 562 paschali
820 505 915 566 desini,
926 507 952 560 et
965 507 1050 556 tamen
1059 510 1164 560 confessi
1174 514 1231 560 sunt
1242 513 1315 562 initio

285 578 361 635 anni,
373 569 422 622 imd
433 569 632 631 quadragesimae.
642 570 665 617 li
676 574 760 620 autem
773 573 801 621 in
819 575 930 634 plurium
945 577 1068 626 sententiat
1087 582 1208 642 praesepto
1219 583 1314 631 confes—

284 648 361 696 sionis
371 655 415 706 pro
425 639 471 688 boc
486 650 549 686 anno
560 638 745 690 satisfecissent.

315 718 352 763 Ex
370 707 502 774 principiis
520 707 564 786 ubi
580 706 611 755 de
631 708 777 768 impletione
797 709 881 774 legum
899 712 1013 762 concludi
1023 711 1097 770 facile
1114 717 1196 778 potest
1212 719 1311 780 quanli,

283 789 383 847 tempus
393 782 445 829 haec
456 778 570 858 &¹²5¹oe
578 779 701 836 1³¹³²⁸⁹l³ta
709 779 828 840 implendi
836 783 967 841 preveniri
975 783 1065 832 debeat
1075 782 1184 848 [l50],et
1191 781 1312 848 quomodb

283 857 364 906 adli'c
375 848 494 909 urgeant,
513 858 569 893 cum
584 853 634 894 non
650 846 752 896 luerunt
770 849 881 908 impleta.
901 853 961 899 Nam
973 853 1036 900 lacta
1047 854 1105 902 sunt
1117 856 1151 904 ad
1162 859 1311 918 urgendum,

283 941 333 978 non
344 925 375 974 ad
382 916 515 969 sarriendum
525 915 708 974 obligationem.
722 912 831 966 Notando
841 921 925 967 tamen
937 933 981 981 pro
997 924 1120 986 praecepto
1132 927 1311 972 communionis

282 995 350 1059 qudd
359 993 407 1041 duo
418 985 548 1047 importet,
562 980 633 1043 juxti
653 985 755 1044 multos,
766 983 856 1047 nempe
873 991 1070 1038 communionem
1089 993 1114 1039 in
1126 1005 1204 1053 anuo,
1216 994 1241 1042 et
1251 995 1310 1042 tense

274 1065 382 1116 ,videtur
392 1070 454 1106 onus
464 1052 536 1112 anni,
546 1053 572 1099 et
583 1053 781 1124 designationem
796 1056 933 1117 paschatis,
945 1058 971 1105 et
979 1059 1038 1108 tunc
1052 1059 1154 1108 videti!
1164 1073 1226 1109 onus
1236 1063 1310 1121 bans

281 1132 407 1196 temporis.
426 1121 496 1174 Unde
504 1119 665 1185 ¹concludunt
675 1123 774 1183 denno,
785 1125 889 1174 Rilluart
902 1127 928 1174 et
943 1125 1078 1188 alii5qudd
1088 1129 1132 1188 qni
1142 1127 1200 1178 antd
1212 1131 1310 1191 tempus

280 1203 396 1268 paschale
407 1191 611 1250 communicavit,
624 1191 713 1251 possit,
724 1193 745 1239 si
760 1188 870 1253 tempore
885 1196 995 1254 paschali
1014 1209 1063 1244 non
1077 1199 1256 1258 communicet,
1267 1213 1311 1245 ex-

281 1276 379 1337 pectare
391 1277 483 1315 anuum
494 1261 524 1309 ab
533 1257 619 1308 ultimi
629 1261 800 1310 communione
812 1263 1015 1325 computandum,
1024 1266 1085 1325 quin
1094 1279 1185 1314 novum
1194 1267 1310 1316 admittat

279 1320 1308 1407 peccatumomissionis.Peccavitquidemnoncommmric'andot'emporepaseball3
1337 1369 1339 1372 ,

279 1414 323 1464 sed
332 1403 397 1460 illud
403 1412 501 1462 tempus
512 1399 662 1448 transactum
673 1402 724 1458 est,
743 1411 771 1446 ac
783 1399 886 1459 proinde
896 1415 959 1450 onus
967 1404 1139 1464 buictempovi
1154 1404 1270 1464 allixumr,
1282 1407 1309 1454 et

278 1485 358 1531 solum
369 1475 479 1524 remanet
488 1481 549 1519 onus
560 1479 647 1514 annuae
658 1469 845 1518 communionis.
860 1471 930 1530 Quod
941 1475 978 1520 sat
989 1474 1126 1520 verisimile
1135 1505 1144 1534 ,
1152 1473 1207 1528 ,imd
1217 1475 1309 1534 proba-

277 1552 353 1601 biliu's
360 1545 468 1594 videtur.
478 1539 526 1586 Sed
536 1532 709 1596 ordinaritqui
719 1549 767 1583 non
776 1541 991 1588 communicantia
1001 1542 1100 1602 pascha,
1107 1542 1158 1600 jam
1168 1534 1307 1604 *spasmata

277 1611 442 1679 precedenti,
454 1599 552 1662 ctsaepd
564 1599 577 1649 l
587 1603 700 1662 pluribus
708 1616 757 1651 non
769 1607 1003 1665 communicirunt.¹
1130 1618 1132 1624 ·

307 1687 343 1730 Ex
353 1677 402 1742 qut
412 1671 534 1724 sententiis
545 1671 657 1730 sequitur
665 1673 699 1730 1⁰,
711 1673 737 1720 et
747 1669 813 1733 qudd
820 1676 862 1735 qui
873 1679 994 1737 praevidet
1004 1675 1069 1738 quod
1079 1691 1128 1727 non
1138 1675 1229 1742 potem
1239 1693 1307 1728 com·

274 1753 404 1804 ,manicare
412 1749 438 1794 in
448 1741 565 1805 paschate
575 1752 624 1787 non
634 1741 748 1789 teneatur
758 1746 929 1804 praevenire‚si
940 1741 990 1804 j'am
999 1745 1025 1794 in
1036 1759 1100 1796 anno
1105 1746 1305 1810 communicavit,

274 1825 334 1886 quia
344 1831 394 1868 non
402 1813 554 1878 praevenitur
565 1822 626 1858 onus
637 1809 739 1859 affixum
754 1813 868 1873 tempori.
879 1815 929 1863 Sed
938 1818 1033 1876 tutius,
1043 1819 1092 1865 ete.

306 1891 422 1953 Sequitur
430 1886 466 1944 2⁰,
478 1895 535 1934 eum.
544 1880 587 1941 qui
598 1881 688 1940 Pascha,
699 1883 818 1946 praevenit
830 1885 861 1932 ob
872 1887 1000 1945 praevisam
1009 1887 1233 1946 impossibilitatem
1244 1888 1303 1935 tune

275 1961 392 2024 temporie
401 1951 612 2010 communicandi,
629 1950 709 1999 videri
720 1951 854 2011 obligatum
870 1954 901 2000 ad
913 1951 1003 2002 iterium
1024 1957 1255 2004 communicandum
1270 1957 1304 2004 p„

163 2027 168 2035 “
245 2031 246 2034 ’
274 2034 389 2096 paschate
399 2063 407 2088 ,
418 2027 440 2076 si
450 2022 634 2085 impossibilitas
644 2021 678 2068 de
686 2021 750 2068 lacto
762 2025 929 2083 noneveniat3
938 2026 996 2084 quia
1006 2025 1066 2072 tunc
1073 2027 1146 2086 urget
1154 2027 1304 2087 preceptum

272 2103 355 2165 quoad
364 2093 574 2148 circumstantiam
584 2091 710 2150 temporis.
722 2079 797 2138 luxti
808 2093 868 2139 alios
878 2093 923 2140 lroc
941 2090 1020 2139 solium
1030 2095 1110 2143 tutius
1121 2097 1174 2144 est.=

303 2169 420 2229 Sequitur
430 2166 465 2222 5⁰,
476 2174 533 2208 eum
542 2160 585 2220 qui
594 2160 620 2205 in
639 2157 728 2217 paschi
739 2170 788 2205 non
807 2161 1014 2221 communicavit,
1024 2162 1044 2208 si
1056 2158 1069 2208 ia
1084 2163 1201 2223 paschate
1211 2175 1304 2223 praecp.

272 2238 340 2286 denti
351 2247 401 2283 non
412 2221 778 2283 communicaverancontinud
789 2229 871 2285 urgeri
883 2229 1005 2286 praecepto
1016 2241 1103 2277 annuae
1114 2232 1302 2288 communiente

271 2306 330 2366 quia
338 2316 383 2364 pro
397 2297 511 2358 urgendae
523 2296 576 2352 ejus
587 2293 745 2352 impletione,
757 2306 805 2345 oon
821 2294 853 2340 ad
870 2307 924 2341 eam
935 2295 1066 2343 finiendam
1078 2299 1177 2357 tempus
1187 2301 1303 2358 paschale

271 2372 426 2432 designatum
435 2367 486 2424 est3
497 2365 543 2411 etsi
557 2358 572 2410 ‘a
582 2361 698 2422 paschate
715 2361 864 2421 praecedeuti
880 2363 1081 2422 communicavit,
1092 2357 1165 2425 eum',
1177 2367 1260 2424 elapso
1271 2367 1303 2414 al)

271 2441 317 2490 hic
328 2435 498 2490 communione
506 2444 583 2488 anno,
594 2429 709 2476 continuo
727 2429 787 2476 item
799 2419 1030 2494 urgerlpraecepto,
1044 2427 1078 2480 iti
1089 2433 1118 2481 ut
1127 2429 1176 2493 qud
1187 2432 1264 2494 magis
1275 2436 1302 2484 in

241 2547 246 2558 ,
270 2513 376 2570 utroque
385 2517 444 2555 casu
454 2501 550 2560 didcrt,
560 2496 590 2547 eb
601 2495 678 2556 magis
686 2504 773 2557 augeat
783 2498 921 2558 peccatum.
934 2496 985 2546 lmd
996 2501 1090 2549 addunt
1100 2513 1149 2549 non
1158 2503 1231 2562 pauci
1243 2515 1302 2552 eum

270 2590 374 2642 peccare
381 2571 518 2624 mortaliter
528 2570 602 2617 toties
611 2567 708 2628 quoties
717 2567 848 2615 advertens
859 2581 928 2615 suam
938 2567 1122 2630 obligationem,
1133 2583 1188 2618 eam
1197 2571 1301 2632 implere

269 2647 368 2698 recusat
376 2646 419 2694 aut
428 2639 570 2690 notabiliter
578 2635 668 2686 didert.
680 2637 750 2696 Quod
758 2637 859 2699 quidem
870 2635 970 2685 omninb
982 2637 1106 2688 conforme
1122 2640 1222 2688 videtur
1232 2641 1302 2700 priu-

269 2719 352 2778 eiplis.

299 2787 420 2834 Caetemm
431 2779 482 2832 uod
498 2775 651 2838 consessione
662 2777 689 2826 et
698 2775 871 2826 communione
889 2775 977 2829 satifflt
995 2775 1189 2826 confessionibus
1199 2777 1301 2827 etcorn·

268 2853 428 2906 morionibus
436 2849 540 2899 omissis.
876 2893 877 2901 ἵ
1167 2859 1169 2862 .

298 2925 412 2973 neaman
421 2922 492 2981 juxta
502 2919 618 2976 suarem,
629 2913 749 2976 sylvium,
757 2915 844 2964 uheol.
854 2915 928 2976 mee,
939 2917 1000 2976 ece,
1011 2916 1053 2976 qur
1064 2929 1113 2964 uno
1124 2928 1187 2964 anno
1205 2916 1299 2964 omrem

267 2993 389 3052 sonuere,
400 2991 420 3039 si
430 2989 502 3037 initio
511 2987 568 3036 anni
579 2986 704 3057 sequentis
710 2985 863 3044 confiteatur,
872 2998 921 3034 non
932 2985 1050 3034 satisfacit
1059 2997 1103 3046 pro
1111 2985 1216 3046 utroque
1225 2996 1299 3044 anno,

267 3064 355 3114 saltem
363 3063 385 3110 si
397 3057 454 3108 ante
464 3059 538 3106 linem
549 3055 607 3103 anni
614 3054 645 3118 in
653 3055 757 3104 mortale
765 3055 870 3103 labatur.

297 3132 389 3180 Eadem
399 3125 451 3177 ferd
462 3125 538 3174 babet
547 3122 634 3174 Collet.

298 3201 333 3266 (d)
344 3203 385 3250 Sic
401 3196 571 3248 commmriter.
589 3193 637 3242 Sed
653 3192 803 3254 requiritur,
822 3191 905 3252 inquit
924 3193 955 3240 D.
975 3193 1056 3251 Dens,
1067 3191 1097 3240 ut
1112 3203 1185 3240 causa
1195 3193 1299 3253 propter

266 3285 341 3333 quarn
350 3270 462 3318 diliertur
473 3267 627 3321 communio,
643 3275 669 3310 se
681 3263 764 3312 teneat
775 3274 807 3309 ex
816 3263 886 3321 parte
898 3261 1070 3323 confessionis;
1081 3261 1191 3322 alioquin
1201 3260 1233 3310 acl
1242 3271 1299 3322 pro·
1389 3285 1394 3296 ·

267 3341 349 3402 prium
358 3337 527 3394 sacerdotem,
538 3329 623 3382 stricte
639 3327 974 3394 loquendo,²recurrendum.

727 3453 841 3464 n--u—

305 3527 381 3592 620.
399 3521 548 3593 Notande
561 3517 737 3613 specialiter
754 3507 766 3585 ε’

309 3625 340 3686 1⁰
359 3617 419 3686 His
439 3612 590 3687 Ecclesiae
605 3613 769 3710 praeceptis
787 3637 850 3682 non
868 3613 977 3682 satisfit
995 3637 1052 3706 per
1067 3609 1289 3680 confessionem
1339 3606 1347 3612 ’

83 3729 85 3731 ’
172 3706 187 3755 s
263 3711 436 3782 voluntarii
449 3699 647 3799 nullam(e);
673 3725 726 3778 aut
744 3734 802 3804 per
820 3707 1043 3779 confessionem
1063 3705 1204 3801 praecise,
1230 3728 1294 3798 npu

262 3808 606 3902 recepttabsolutione,
628 3830 728 3897 neque
746 3830 803 3898 per
822 3799 1067 3894 communionem
1090 3799 1286 3893 sacrilegam.
