2964 4674
149 417 152 426 ·
257 413 261 444 ,
496 405 497 412 1
562 374 793 450 noonrsrm.
1003 429 1006 437 ¹
1106 354 1192 428 Ι265

160 463 255 538 facile
264 459 309 534 ”ex
323 485 430 532 amore
439 461 643 556 voluptatum,
655 460 794 554 malique
806 461 883 554 fugi
893 459 1058 550 cujuslibet
1071 460 1193 553 dignos·

161 561 260 630 citur,
270 557 337 649 Qui
345 554 405 628 hac
417 559 583 641 donanim,
597 557 713 626 hilares
726 570 809 640 sunt,
820 555 930 648 jocosi,
941 555 1081 648 gloriosi,
1092 556 1192 640 leves,
1292 629 1295 644 ,

159 654 415 737 oblectationum,
426 653 620 735 societatum,
633 651 797 747 epularum
806 667 838 720 et
848 651 1012 720 amotionis
1022 667 1192 730 amatorem

160 775 317 822 recessum
331 764 568 842 consequenter,
586 747 857 818 mortificationem
869 762 900 816 et
915 746 1128 842 poenitontiam
1148 749 1194 816 fo-

184 845 294 914 ientes.
986 891 989 900 Α

161 871 183 938 g
205 940 288 1009 Com
297 937 420 1013 virtutis
434 934 594 1006 blanditiis
614 935 694 1006 sicut
708 951 740 1005 et
752 934 945 1029 voluptatum
962 932 1119 1004 illecebris
1133 935 1196 1007 sint

155 1035 251 1104 'motu
275 1034 402 1118 faciles,
420 1031 460 1100 iis
476 1055 589 1122 magna
611 1031 803 1100 ostendenda
828 1021 1044 1100 benevolentia
1057 1084 1066 1112 ,
1079 1035 1100 1098 l
1112 1031 1197 1104 malo
1290 1105 1295 1112 ,

163 1129 307 1198 omnibus
322 1126 469 1196 remediis
483 1126 644 1197 avertendi
658 1142 689 1196 et
701 1125 870 1198 inducendi
884 1126 925 1195 ad
939 1125 1101 1208 virtutem,
1117 1128 1195 1223 ipsis

165 1225 233 1316 ejus
242 1222 507 1318 pulchritudinem
518 1221 721 1316 ostendendo.

131 1377 134 1382 .
208 1326 241 1411 7⁰
256 1319 293 1388 Si
311 1343 390 1413 quos
408 1315 547 1387 inveniat
565 1317 772 1386 confessarius
781 1318 892 1387 'mente
905 1320 980 1410 erga
993 1343 1027 1387 se
1044 1343 1196 1413 preoccu-

163 1432 264 1512 patos,
275 1414 389 1506 majori
403 1439 456 1483 eos
470 1428 583 1482 tractet
595 1439 666 1480 cum
678 1412 829 1497 bonitate,
845 1413 916 1482 etsi
928 1413 1031 1482 dicant
1044 1420 1196 1486 secontia

163 1511 358 1580 sacerdotem
380 1509 463 1578 mal'c
491 1508 588 1578 luisse
604 1508 792 1603 dispositos,
813 1509 896 1578 mali
919 1510 958 1578 de
980 1535 1017 1578 eo
1031 1511 1194 1603 cogitasse,

163 1605 294 1690 locutos,
306 1606 402 1675 addat
417 1635 424 1673 :
442 1604 503 1674 etsi·
513 1603 766 1675 contramenihil
776 1603 882 1674 refert.
894 1603 1043 1675 Libenter
1054 1605 1193 1700 ignosco,

164 1703 241 1784 etc„
255 1700 337 1769 male
355 1700 441 1768 fuisti
458 1700 596 1769 edoctus.
1081 1761 1084 1764 .
1173 1759 1178 1774 ,

207 1796 246 1864 Si
259 1794 455 1866 contrarios
469 1824 479 1863 ε
493 1795 593 1862 malos
604 1795 658 1879 (et
668 1793 714 1864 sic
724 1794 868 1890 semper)
880 1819 985 1864 eorum
1001 1797 1106 1866 audiat
1118 1821 1196 1891 pra

165 1907 284 1972 ternis,
312 1907 425 1960 etorrm
446 1891 681 1960 mansuetudine
706 1891 832 1960 reiirtet.
854 1891 945 1973 Raro
966 1891 1045 1962 dure
1058 1893 1196 1988 increpet

143 2067 147 2072 ⁸
167 1985 223 2080 qui
238 1986 422 2055 monitiones
434 2002 593 2080 respuunt.

210 2083 358 2154 Tandem
372 2082 410 2162 si,
427 2083 513 2178 ¹quod
526 2107 652 2165 rarum,
669 2082 827 2192 perditam
844 2081 950 2152 audiat
973 2081 1118 2176 laqueum
1134 2084 1196 2179 ipsi

167 2179 299 2270 injicere
314 2193 483 2257 conantem,
496 2177 602 2270 paucis
612 2177 804 2250 terribilibus
814 2177 917 2253 dieis.
932 2182 1037 2246 statim
1047 2178 1193 2249 dimittat.

201 2335 238 2400 (α)
247 2336 371 2386 contemto
379 2336 463 2386 omen
470 2335 678 2386 semi-dormienti
688 2371 697 2398 ‚
707 2339 843 2401 surdastro,
854 2337 985 2399 distracto,
993 2340 1035 2388 vel
1043 2339 1136 2388 idioma
1146 2352 1196 2388 non

168 2408 207 2456 sat
216 2406 320 2468 pollenti
328 2404 392 2456 boni
402 2405 450 2454 flcio
461 2406 534 2465 octe,
545 2419 595 2455 non
604 2407 656 2456 tota
667 2405 806 2456 necessario
816 2409 964 2468 repetenda,
975 2407 1018 2456 sed
1028 2404 1107 2456 sorim
1116 2405 1196 2470 quaid

169 2487 198 2523 oa
208 2489 263 2536 que
274 2475 397 2536 poenitens
406 2474 487 2527 eredit
495 2475 579 2526 andita
589 2487 639 2526 non
655 2476 731 2526 inisse
748 2478 792 2525 aut
805 2489 855 2526 non
864 2477 1001 2526 intellecta.
1012 2477 1061 2526 sed
1070 2479 1091 2527 si
1101 2481 1196 2532 nesciat

168 2557 223 2606 qum
234 2545 278 2593 ant
287 2543 396 2604 dubitet,
405 2544 525 2592 confessio
539 2544 652 2592 iteranda
663 2544 710 2593 est.
723 2547 803 2594 Varii.

197 2611 236 2678 (b)
245 2614 272 2662 Si
281 2614 366 2662 umen
375 2613 430 2660 fleri
446 2614 493 2660 boc
510 2614 565 2660 sine
579 2613 685 2661 notabili
696 2613 843 2675 penitentis
857 2612 969 2663 molestia
981 2614 1135 2676 nequeam.
1146 2631 1196 2681 gr„
1236 2644 1240 2653 ·

170 2685 190 2732 si
201 2683 301 2744 propter
311 2694 389 2730 unum
400 2682 443 2731 aut
452 2682 558 2730 alterum
568 2681 698 2742 peecatum
712 2678 793 2744 quoad
800 2695 934 2733 numerum
944 2684 988 2732 aut
1002 2684 1198 2739 circumstantias

169 2766 219 2802 non
230 2755 267 2800 sat
277 2751 429 2813 explicatum
438 2784 446 2812 ,
454 2752 506 2800 lota
515 2751 579 2800 ioret
588 2753 723 2801 multorum
734 2755 845 2812 pravium
857 2754 883 2802 et
891 2753 960 2802 dictu
973 2753 1114 2806 difficilium
1129 2754 1198 2810 are·

169 2819 278 2870 recondi
292 2820 428 2882 repetenda
446 2819 566 2869 confessio
577 2819 640 2868 boni
650 2820 698 2870 ide
709 2821 786 2882 iacta3
797 2823 855 2870 sunt
863 2823 907 2883 qui
921 2823 1005 2871 dicant
1022 2826 1198 2885 repetitionem

170 2891 280 2938 omnium
287 2891 346 2939 tnnc
354 2901 400 2950 per
409 2889 523 2938 accidens
533 2901 582 2937 non
592 2889 771 2952 obligaremur
781 2892 909 2952 integritas
918 2893 1055 2943 materialis
1062 2909 1119 2943 curn
1129 2898 1199 2947 tanto

171 2959 319 3008 detrimento
329 2959 451 3021 praecepta
463 2969 514 3008 non
528 2959 575 3006 est.
586 2959 674 3009 i'ateor
688 2957 755 3022 qnid
764 2961 791 3009 in
802 2962 887 3013 mullis
897 2963 994 3011 casibus
1003 2964 1097 3012 nollem
1105 2978 1160 3015 esse
1170 2968 1197 3016 in

171 3031 217 3078 boc
225 3030 397 3091 scrupulosior.
411 3030 515 3090 Excipe,
525 3029 574 3076 nisi
585 3030 617 3077 ob
626 3041 677 3080 non
687 3030 725 3082 sel
735 3032 873 3096 explicata,
882 3031 1016 3084 differenda
1026 3034 1146 3086 absolutio
1153 3037 1197 3098 stt,

171 3100 214 3150 aut
225 3099 376 3164 iniungenda
385 3099 510 3151 restitutio
525 3098 617 3160 paris.

558 3231 742 3298 alieno
764 3238 789 3296 l.
833 3177 841 3194 ·
891 3237 894 3241 ’

405 3383 443 3434 lle
453 3385 684 3448 interrogationibus
692 3387 825 3450 poenitenti
833 3387 962 3438 iaciendis.

213 3519 287 3608 691.
301 3513 592 3586 Fnrmrnromnes
611 3519 767 3589 ordinarii
789 3519 991 3591 dimittendos
1018 3524 1072 3616 qui
1087 3549 1125 3594 ex
1138 3551 1200 3598 ne-

171 3610 274 3702 glecto
287 3609 447 3680 moraliter
458 3611 600 3707 possibili
613 3615 763 3696 exarnine,
779 3615 859 3685 nihil
872 3617 1024 3711 autquasi
1034 3619 1115 3689 nihil
1128 3648 1200 3693 con·

172 3708 309 3791 litentur,
320 3707 551 3802 mouendosque
562 3723 598 3777 ut
610 3727 753 3780 accusent
761 3738 795 3782 se
805 3713 846 3782 dc
862 3711 921 3782 hac
933 3714 1132 3807 negligentil.
1242 3790 1246 3796 ,

213 3801 339 3874 sivero
353 3800 414 3871 hoc
427 3803 548 3875 crenmt
561 3829 599 3874 ex
614 3807 728 3897 magni
746 3808 947 3894 verecundil,
965 3809 1198 3888 timiditatem

171 3895 319 3970 ruditate·
332 3897 465 3993 benigni
479 3898 738 3992 adjurandisnnt.
855 3924 864 3950 ’·
1210 3897 1214 3907 ’
