2926 4680
223 349 301 451 ³9²
557 369 613 424 nu
634 367 923 434 sacnanunro

265 457 313 528 Ut
324 466 553 527 mecanicum
567 456 643 526 verb
653 457 765 550 (quod,¹
779 457 837 528 etsi
851 459 870 526 i
883 457 1004 530 duobus
1011 457 1194 554 excipiatur,
1208 474 1257 530 est

222 576 352 632 numero
367 553 485 639 unum)
500 553 546 622 cst
559 567 786 622 sacramentum
799 553 1053 648 significativum,
1071 570 1099 624 et
1122 555 1253 650 produc-

222 649 321 725 tirum
342 645 452 741 gratia¹
465 647 507 716 ad
518 664 626 716 mutua
642 649 816 718 animorum
832 646 1099 740 conjunctionem,
1113 651 1258 721 levamur
1284 707 1285 710 ,

223 759 253 816 et
265 745 556 830 sanctificationem,
572 746 754 842 prolemque
771 745 939 814 christiane
954 747 1174 817 instituendam
1188 750 1256 834 (a).‚

264 838 302 910 Si
315 841 546 908 matrimonium
561 853 699 910 sumatur
712 837 849 937 praecisi'·
855 869 914 938 pro
927 843 1051 931 vinculo
1064 861 1172 914 mutuo
1183 871 1253 914 cou-

221 960 312 1008 sensu
326 935 470 1012 inducto,
487 935 678 1028 legitimum

264 1030 302 1098 Si
312 1057 370 1126 pro
381 1031 506 1099 vinculo
517 1033 608 1100 simul
621 1049 651 1101 et
661 1034 937 1122 sacramentorum
945 1033 995 1104 cui
1004 1036 1253 1108 noudbmacces·

220 1125 298 1196 serit
311 1128 422 1221 copula
434 1125 589 1220 perfecta,
605 1143 709 1196 ratum
720 1159 728 1208 ;

261 1220 307 1292 Et
320 1221 348 1312 si
361 1221 541 1306 accesserit,
557 1239 803 1320 consummatum
818 1223 944 1292 dicitur.
1003 1297 1006 1304 ,

251 1399 288 1470 (o)
297 1401 479 1450 Matrimonium
489 1402 626 1452 infidelium
634 1403 778 1454 nontrausit
786 1403 812 1450 in
820 1389 1010 1463 sacramentum,
1021 1397 1078 1459 adm
1086 1401 1251 1466 baptizantur.

217 1466 366 1522 Prudentius
376 1469 448 1531 ergo,
460 1484 491 1518 ex
500 1473 612 1532 Episcopi
622 1473 705 1520 tamen
714 1471 817 1532 judicio,
828 1467 910 1538 coram
920 1473 1042 1534 parocho,
1053 1471 1165 1550 otc.,t1ui
1175 1473 1201 1520 ot
1211 1470 1254 1519 iiti-

127 1547 141 1574 ·
218 1540 365 1600 bcuofficet,
376 1551 521 1592 consensum
534 1540 698 1591 renovabunt.

260 1688 335 1771 817.
356 1683 412 1751 Ad
434 1681 627 1752 matrimonii
636 1684 732 1766 [424]
748 1679 922 1776 'requiritur
939 1681 1027 1751 idem
1044 1681 1100 1774 qui
1113 1683 1155 1750 ad
1173 1681 1256 1752 aiio-

218 1802 289 1846 rum
303 1794 513 1848 contractuum
526 1778 721 1868 validitatem
735 1796 901 1846 consensus
915 1779 966 1864 (a)
980 1805 1050 1845 cum
1074 1779 1263 1851 differentia

264 1871 406 1964 1⁰Qubd
424 1874 478 1942 alii
498 1889 671 1942 contractus
692 1872 860 1968 aliquando
874 1871 1091 1944 rescindibiles'
1104 1873 1165 1944 siut
1181 1875 1260 1964 jure
1341 1945 1345 1952 ,

132 2010 143 2046 a
213 1969 370 2062 positivo,
389 1969 622 2038 matrimonium
637 1985 756 2051 auten,
774 1969 886 2039 saltem
900 1985 1250 2052 consummaremur·

217 2069 324 2158 quim.
342 2065 408 2134 Sed
426 2065 574 2138 irritumi
598 2088 632 2134 so
651 2064 735 2134 facto
749 2078 780 2135 et
793 2063 915 2134 nullum
932 2091 999 2134 esse
1012 2081 1141 2161 potest,
1159 2066 1263 2162 quale¹

217 2161 302 2252 quod
317 2187 355 2227 ex
370 2175 457 2227 metu
473 2160 563 2249 gravi
573 2092 684 2243 iiffl·
848 2231 849 2234 ,

260 2265 294 2319 2⁰
308 2253 404 2340 Quod
415 2254 448 2318 in
462 2253 559 2320 dubio
572 2255 612 2342 de
624 2279 774 2322 consensu
785 2254 970 2338 sufficienti,
987 2253 1038 2321 hic
1054 2257 1256 2326 rermvandus

215 2347 274 2425 sit;
288 2347 426 2438 alioquin
439 2346 583 2423 dubitans
594 2373 655 2414 non
664 2365 769 2440 posset
781 2349 894 2416 saltem
904 2365 1012 2442 petere
1025 2350 1181 2441 debitum,
1191 2378 1254 2421 uec

215 2442 302 2509 aliud
318 2440 550 2509 matrimonium
567 2441 664 2508 inire..
1148 2497 1150 2502 .

152 2553 155 2564 '
257 2541 291 2606 3⁰
306 2537 404 2628 Quod
421 2535 559 2630 graviter
587 2547 730 2631 peccaret
744 2552 900 2632 apponens
922 2541 1084 2606 consensui
1099 2537 1249 2607 conditio-

214 2633 299 2718 nem,
316 2633 426 2721 saltem
439 2631 479 2702 de
491 2631 609 2716 futuro,
619 2633 799 2712 modumve,
811 2656 938 2706 causam
951 2631 1002 2703 vol
1015 2631 1251 2719 demomtratio-

214 2729 299 2809 uem,
318 2730 358 2796 ob
373 2730 520 2820 ambages
533 2733 647 2824 nempb
659 2745 692 2797 et
702 2723 911 2811 difficultates,
924 2744 983 2797 etc.

258 2825 297 2893 Si
314 2841 421 2892 tauron.
428 2825 566 2913 conditio
580 2825 723 2918 apposita
738 2825 796 2904 sit,
808 2824 929 2891 millum
942 2825 1047 2892 reddit
1053 2827 1148 2914 ,jure
1161 2843 1249 2895 natu·

16 2918 26 2936 '
104 2933 112 2946 '
215 2921 490 3004 rali‚consensum‚
500 2918 527 2984 si
537 2918 605 2986 haec
617 2919 657 2987 sit
667 2917 847 2987 substantiae
858 2919 1049 3008 matrimonii
1059 2946 1249 3014 repugnans.

258 3016 322 3085 Sed
343 3040 402 3110 pro
419 3039 486 3081 non
503 3014 643 3105 adjecti,
658 3010 875 3107 jure'positivo
890 3015 940 3098 (b)
959 3011 1091 3099 habetur
1110 3017 1248 3085 conditio

216 3109 430 3208 impossibilis,
444 3109 595 3203 turpisve,
611 3109 692 3178 side
707 3107 813 3184 futuro
828 3122 859 3175 et
871 3106 1049 3176 intendatur
1061 3110 1119 3194 (c).

259 3214 294 3289 4⁰
307 3206 405 3298 Quod
418 3209 490 3274 ciam
505 3204 740 3273 matrimonium
752 3229 808 3300 per
824 3221 1059 3297 procuratorem
1074 3208 1108 3276 fit
1121 3210 1248 3277 manda·

216 3320 285 3372 tum
303 3302 437 3398 speciale
454 3327 520 3371 csse
534 3301 664 3396 debeat,
680 3301 1130 3408 properum-determinati,
1146 3319 1175 3370 et
1185 3328 1248 3372 non

217 3413 409 3466 revocatum.

258 3493 302 3560 Et
320 3495 422 3583 quiri,
446 3493 504 3561 etsi
524 3490 819 3561 matrimonium·'sit
836 3501 916 3559 tunc.
932 3485 1126 3585 probabilius
1147 3518 1246 3562 sacra-

218 3602 356 3769 mentpm
378 3589 451 3674 (d),
475 3611 641 3658 cousensus
668 3604 794 3671 meren,
824 3587 866 3656 ad
892 3587 1022 3672 melius,
1052 3590 1248 3660 renovandus

219 3681 260 3750 sit
269 3683 327 3768 (e.
585 3695 590 3702 ”

250 3853 286 3918 (a)
296 3852 419 3903 Parocbus
426 3864 513 3902 curare
521 3853 596 3904 debat
605 3853 634 3903 ui
644 3825 817 3906 conuehentes
826 3857 903 3907 rerba
911 3855 977 3908 ciart
982 3858 1156 3920 pronuncient.
1165 3856 1246 3907 Nutus

219 3924 302 3974 iernen
311 3923 342 3974 ad
351 3919 672 3983 vatiuatan'ruruoerent,
686 3921 759 3974 morib
769 3916 914 3978 counuaun
925 3923 1010 3990 aperit
1025 3927 1150 3988 iudicem,
1160 3938 1247 3988 aar„
