2974 4678
533 377 535 384 ⁴
577 389 809 446 necanoen
1010 416 1013 420 ·
1156 375 1220 468 '73

226 473 305 553 lmo'
316 493 348 548 et
362 489 535 572 emptorem
556 477 732 548 indemnem
746 493 895 573 prestare
914 505 972 572 pro
984 481 1149 550 'fructibus
1170 481 1211 550 ab

184 578 251 668 ejus
264 573 419 644 industrid
433 573 676 683 dependentibus
689 599 766 668 quos
779 599 842 642 non
853 575 1013 670 percepit,
1036 575 1111 644 licet
1125 578 1211 646 dam·

184 697 258 740 num
271 668 333 738 hoc
345 669 379 736 in
391 668 507 758 judicro
521 668 648 764 probari
658 685 790 762 nequeat
802 701 810 749 t
834 685 868 738 ut
881 668 910 738 si
920 695 988 740 rem
999 670 1080 754 alib,
1093 671 1149 742 ubi
1161 697 1211 742 ca·

184 765 250 834 rior
264 766 324 846 sit,
338 763 538 832 translaturus
549 763 658 833 fuisset
672 780 702 833 et
715 765 907 858 venditurus.

660 951 725 1022 sir

146 1161 152 1166 -
227 1153 242 1182 α
257 1121 308 1191 LA
331 1119 472 1212 garantie
485 1145 546 1213 que
566 1120 599 1188 le
611 1119 827 1189 vendeurdoit
849 1121 1106 1216 al'acque'reu'ra
1126 1070 1206 1194 deux

132 1307 135 1312 s
161 1237 165 1246 ’
184 1245 200 1273 ¹·
216 1218 316 1309 objets
342 1245 351 1284 a
375 1214 406 1285 le
418 1215 555 1310 premier
570 1231 616 1284 est
628 1215 659 1286 la
677 1215 809 1310 paisible
821 1217 996 1310 possession
1015 1219 1055 1289 de
1068 1217 1205 1289 lachete

182 1341 198 1369 ν
214 1312 352 1392 vendue;
370 1311 402 1381 le
415 1311 529 1380 second
544 1310 590 1379 les
603 1311 722 1382 delauts
733 1311 843 1383 caches
857 1313 902 1390 de¹
911 1329 991 1389 cette
1000 1313 1092 1385 chose
1107 1340 1147 1384 ou
1159 1313 1205 1384 les
1223 1351 1231 1374 κ

182 1436 198 1465 υ
212 1407 296 1480 vices
309 1405 529 1477 redhibitoires
538 1407 660 1493 (1625).
679 1435 696 1466 ι

593 1597 787 1650 tunctune.

219 1773 296 1849 tus.
311 1767 412 1838 lucin
434 1781 575 1862 tempore
586 1763 770 1836 venditionis
785 1765 872 1835 nullu
892 1768 976 1838 tirel
989 1772 1203 1842 auctoritatem

179 1862 228 1948 (Iu
240 1860 402 1953 geruntio)
412 1861 496 1930 facta
508 1861 604 1930 suerit
616 1859 788 1954 stipulatio,
804 1863 844 1929 de
858 1861 904 1930 rei
920 1863 1068 1933 evictione
1080 1880 1203 1936 tenetur

178 1957 338 2038 venditor,
353 1958 435 2025 etde
450 1955 496 2024 rei
509 1955 653 2024 oneribus
666 1982 730 2023 non
744 1956 908 2036 declaratis
919 1958 1044 2042 (1626).
1132 1965 1134 1970 '

220 2050 387 2134 Conveniri
399 2067 501 2120 tamen
509 2067 611 2148 potest
620 2051 706 2150 quod
716 2049 801 2119 nulla
810 2067 862 2120 aut
872 2051 973 2124 solum
983 2053 1052 2122 talis
1067 2054 1201 2124 eritaue-

177 2146 286 2216 toritas
298 2148 421 2234 (1627).
958 2197 960 2203 ι

219 2227 284 2312 Sed
304 2241 455 2336 excipitur
467 2265 536 2335 quae
549 2241 669 2310 veniret
683 2265 720 2309 ex
734 2241 817 2309 facto
828 2241 982 2310 venditori
996 2241 1175 2335 particulari
1189 2277 1197 2326 ;

174 2335 259 2406 nulla
273 2351 319 2406 est
330 2337 412 2405 enim
423 2335 541 2430 quaevis
556 2335 715 2404 conventio
730 2338 884 2404 contraria
896 2339 1016 2421 (1628).

214 2433 364 2500 Attamen
377 2432 471 2500 etiarn
492 2431 525 2498 in
539 2447 611 2500 casu
632 2431 665 2498 in
685 2457 746 2525 quo
766 2431 944 2524 stipulatum
963 2432 1071 2500 luisset
1085 2432 1124 2502 de
1137 2459 1200 2504 non

174 2529 369 2610 auctoritate,
385 2527 546 2609 venditor,
572 2526 598 2593 si
613 2543 733 2622 emptor
747 2525 924 2608 evincatur,
951 2527 1083 2596 reddere
1107 2530 1199 2597 debet

172 2621 322 2716 pretium,
348 2622 411 2690 nisi
434 2638 554 2718 emptor
573 2621 746 2718 periculum
757 2622 879 2690 noverit
902 2636 954 2689 aut
970 2622 1034 2690 suis
1053 2622 1198 2714 periculis

174 2717 283 2785 emerit
293 2718 416 2804 (1629).
790 2790 797 2797 ,

215 2810 360 2881 Tandem
375 2813 516 2881 venditor
527 2826 647 2880 tenetur
667 2811 706 2880 de
719 2809 861 2879 omnibus
875 2811 995 2880 damnis
1009 2835 1078 2904 quae
1092 2835 1131 2879 ex
1140 2811 1198 2880 ini-

172 2908 234 3001 qud
246 2907 422 2978 venditione
437 2924 467 2980 et
480 2907 526 2976 rei
538 2907 689 2976 evictione
702 2905 836 3003 emptori
850 2905 1027 2976 adveniunt.
1155 2994 1158 2998 ¹

214 2999 300 3166 vide
311 3004 415 3096 quoird
425 3019 535 3073 caetera
549 3009 673 3083 totum§
687 3030 722 3082 1,
739 3018 814 3072 sect.
831 3007 867 3086 3,
883 3026 953 3096 cap.
970 3003 1006 3080 l,
1022 2999 1068 3068 tit.
1085 3004 1121 3082 6,
1136 3000 1194 3072 lib.

172 3101 242 3166 deo
266 3098 351 3171 .civ·
674 3125 677 3130 '
865 3117 875 3126 ”

573 3265 740 3318 euucrurt
755 3265 792 3315 n.
871 3323 875 3328 ¹

211 3427 264 3498 Ex
278 3427 466 3510 defectibus,
482 3428 535 3495 alii
547 3429 773 3512 (substantiales
786 3433 911 3522 nempe)
922 3442 1112 3496 contractum
1124 3434 1197 3498 red·
1275 3463 1276 3466 ¹

169 3523 279 3594 derent
291 3523 429 3606 nullum,
444 3526 549 3618 utpote
565 3523 680 3594 laetum
694 3552 730 3592 ex
745 3551 850 3593 errore
860 3522 1063 3592 substantiali.
1113 3534 1117 3540 “
1164 3553 1165 3558 ’

208 3620 278 3688 ΑΙίἰ
290 3636 480 3690 contractum
494 3620 659 3688 redderent
673 3619 922 3703 rescindibilem,
944 3619 1068 3712 quandb
1081 3621 1193 3710 nempe

169 3715 210 3791 ob
222 3715 291 3784 illos
306 3716 431 3784 daretur
442 3715 523 3784 actio
534 3712 754 3801 redhibitoria,
770 3730 800 3784 et
812 3729 960 3784 vocantur
972 3711 1192 3796 redhibitorii,

168 3809 491 3891 uiccsre'dltibr'tor‘rcsf

210 3905 275 3975 Alii
291 3905 471 3998 injustitiam
484 3903 582 3975 solurn
598 3905 732 4004 pariunt.
832 3931 839 3944 ·
