2960 4684
649 293 886 350 nncnnoer.
1148 347 1150 352 ,
1239 270 1282 358 57

284 393 377 446 iuris
387 391 488 442 videtur
497 386 547 436 ‹iioi
555 384 690 434 vendentes
701 387 745 433 inas
760 396 845 432 ornnes
857 383 954 431 fraudes
964 392 1109 441 cognoscere
1123 379 1177 428 ueri
1188 381 1285 440 soiitos,

254 469 282 516 et
291 467 327 514 eis
337 475 391 512 sese
402 458 542 516 enituere,
552 454 707 515 proponendo
717 454 817 502 modum
829 452 1026 500 subhastationn.

284 535 351 594 Quin
363 521 469 579 econtri
485 525 548 572 mihi
560 524 658 572 videtur
677 523 752 593 iuliis
763 521 877 568 omnibus
888 521 913 567 et
929 521 1054 567 simiiiious
1065 519 1162 567 essibus
1171 516 1287 566 deciden-

254 604 293 653 dis
305 613 349 662 pro
358 596 509 648 rennuendum
519 594 603 642 abhoc
613 592 735 653 principio
744 605 751 638 ι
759 591 802 651 qui
815 589 902 637 rendit
912 589 957 636 sub
967 587 1045 647 hesit,
1056 588 1156 636 uidetur
1163 590 1204 646 ius
1214 589 1286 636 strio·

153 683 160 705 ¹
256 675 310 720 tum
322 669 413 716 hebere
424 666 464 726 ut,
477 664 551 711 etiem
561 663 652 722 absquo
663 661 688 708 vi
700 664 744 709 aut
752 655 850 718 fraude,
862 671 911 706 non
933 657 1071 705 invertatur
1081 666 1127 704 uec
1136 657 1287 706 turbetur-iu

199 761 204 768 ·
257 739 296 788 oui
308 737 483 786 detrimentum
492 732 549 780 ordo
561 730 607 778 iuri
620 731 693 788 tinius
705 727 903 777 extraordinarie
914 727 1015 786 Quoties
1026 721 1082 784 ergo
1092 725 1117 772 id
1131 725 1172 782 ut,
1184 727 1236 786 ipso
1247 738 1286 774 re·

258 805 411 856 tiouuitiiiter
416 802 507 861 invito,
517 801 625 849 violatur
634 799 674 858 ius
685 799 764 860 ipsius
771 797 885 846 strictum
900 795 971 845 modo
982 793 1105 844 adomnia
1115 793 1204 846 dunum
1214 801 1287 856 repu-

260 876 336 925 tanda
346 872 519 935 obligationem
531 870 677 918 inducente.

732 945 847 962 ψ

300 1029 372 1117 476.
392 1021 496 1092 Tituli
513 1025 589 1092 verb
604 1020 744 1112 injusti'a
760 1020 862 1114 pretio
882 1017 1003 1111 wlgari
1021 1019 1186 1088 recedendi
1200 1035 1286 1101 suut,

301 1126 333 1188 1⁰
343 1120 487 1188 Affectus
499 1114 647 1208 emptoris
657 1116 696 1183 ae]
708 1139 773 1183 rem
787 1147 794 1192 3
815 1113 1010 1208 particularis
1022 1115 1088 1203 ejus
1099 1115 1286 1206 indigentia,

205 1233 206 1238 ’
258 1215 342 1286 reive
357 1239 415 1310 pro
426 1213 495 1307 ipso
509 1202 739 1291 conuenientia,
755 1208 816 1276 nisi
832 1209 939 1276 eedem
952 1208 993 1276 sit
1006 1210 1165 1280 vendentis
1179 1211 1240 1301 qut
1253 1236 1288 1278 se
1321 1253 1326 1259 -

214 1367 217 1370 .
258 1309 373 1407 privet.
394 1309 472 1376 Haec
486 1307 569 1376 enirn
589 1306 728 1374 valorem
740 1328 803 1372 non
815 1319 943 1394 augent,
967 1319 998 1372 et
1013 1304 1223 1372 convenientia
1242 1305 1288 1374 rei

258 1431 316 1502 pro
331 1419 468 1497 emptore
489 1417 535 1470 est
549 1402 616 1492 ejus
630 1401 765 1481 bonurn,
790 1399 875 1491 quod
887 1398 915 1466 ei
929 1395 1023 1467 vendi
1035 1424 1098 1468 nen
1110 1415 1211 1494 potest
1221 1401 1285 1486 (α).

288 1503 334 1563 -20
358 1499 511 1592 Impensae
533 1497 668 1586 majores
683 1499 777 1588 quem
800 1493 869 1562 fieri
891 1493 1009 1576 solent,
1034 1520 1111 1588 quas
1132 1512 1237 1565 tamen
1255 1497 1289 1564 in

258 1593 388 1664 omonds
402 1619 437 1662 re
459 1590 536 1660 fecit
549 1591 710 1671 venditor,
735 1605 788 1658 aut
800 1614 869 1684 quae
881 1591 1016 1679 majores
1039 1594 1190 1673 evadunt,
1214 1593 1288 1685 quie

258 1718 346 1764 mern
359 1693 394 1759 fit
415 1689 622 1759 communior.
649 1687 858 1756 Infortunium
878 1688 961 1757 enim
974 1689 1063 1758 unius
1084 1703 1137 1758 aut
1160 1689 1288 1758 alteriue

259 1785 439 1856 mercatoris
452 1785 592 1853 valorem
606 1807 711 1851 rerum
724 1807 787 1849 non
802 1798 912 1860 mutet.
956 1816 974 1874 ἢ·

300 1879 410 1973 Ergo,
424 1881 443 1948 e
455 1882 583 1963 contri,
607 1877 743 1946 minores
755 1881 849 1970 quim
863 1877 930 1945 fieri
944 1877 1042 1946 solent
1060 1877 1207 1974 impensae
1226 1906 1288 1950 uon
1370 1894 1372 1898 '

263 1975 435 2070 impediunt
446 2000 485 2042 ne
498 1998 617 2044 merces
628 1973 766 2040 'currenti
780 1971 880 2063 pretio
891 1973 1077 2041 vendantur.

304 2075 339 2138 3⁰
349 2069 520 2164 Expectata
529 2083 582 2136 aut
592 2067 758 2160 anticipata
765 2065 876 2136 solutio
884 2066 1026 2162 praecise.
1037 2063 1115 2136 Haec
1127 2068 1210 2138 enim
1219 2089 1289 2144 sunt

263 2180 404 2234 mutuum
417 2163 603 2258 implicitum
615 2163 674 2248 (b).
1282 2189 1291 2197 ·

294 2343 330 2408 (o)
340 2338 375 2392 us
386 2355 472 2393 omues
482 2357 542 2404 quos
552 2344 611 2404 legi.
625 2345 651 2392 st
666 2342 724 2404 ergo
735 2342 818 2393 eontra
826 2341 869 2392 flat
880 2342 1055 2408 communiter,
1069 2343 1095 2392 id
1105 2343 1134 2394 ut
1150 2343 1290 2406 legitimum

262 2414 347 2461 irolnri
358 2416 460 2474 nequit,
472 2415 520 2461 nisi
529 2426 645 2462 excessus
654 2415 728 2474 pretii
737 2414 874 2462 liberanter
882 2413 954 2460 dutus
964 2413 1110 2473 censeatur,
1121 2415 1165 2462 eut
1177 2416 1290 2478 dicatur,

261 2482 283 2528 ei
294 2481 343 2529 diei
352 2483 440 2542 possit,
452 2483 478 2528 in
488 2483 612 2529 communi
633 2483 760 2529 huminum
772 2482 933 2530 aestiruatione
949 2493 1001 2528 rein
1013 2481 1092 2540 pluris
1110 2482 1202 2533 valere.

293 2547 328 2610 (t)
339 2551 425 2597 Plures
436 2555 518 2598 tumen
528 2551 639 2598 sentiunt
650 2546 748 2610 conire,
757 2551 787 2597 ob
798 2551 896 2610 proxim
907 2562 1075 2608 eommune1n3
1086 2552 1146 2610 quis
1154 2559 1291 2608 communis

262 2619 391 2666 estimatio
408 2619 468 2666 tune
485 2618 563 2677 major
574 2619 651 2666 estoit
670 2620 810 2679 perieulum
830 2614 873 2665 eut
894 2617 1070 2666 detrimentum
1086 2620 1153 2680 quod
1167 2623 1291 2676 ordinarie

263 2687 365 2746 evenit3
377 2687 403 2734 et
410 2687 432 2734 si
443 2698 493 2734 uon
508 2688 622 2747 eueniet,
639 2688 665 2735 id
679 2689 706 2736 snt
716 2701 761 2748 per
771 2688 894 2735 occidens.

293 2755 396 2803 Ernesto
407 2768 464 2802 num
474 2743 559 2804 eedem
569 2757 620 2804 diei
629 2759 730 2816 possunt
736 2757 767 2804 de
778 2757 873 2804 mutuo.
880 2750 930 2802 int
939 2751 1003 2815 supe
1019 2755 1292 2814 fallunturmerouiores

263 2823 357 2882 qui‚ob
368 2823 465 2871 luorum
476 2819 586 2885 cessans,
596 2826 707 2872 nutriunt
717 2821 781 2872 uitr'o
790 2826 899 2884 pretium
908 2825 1018 2883 vulgare,
1028 2827 1087 2884 quie
1098 2827 1195 2876 lucrum
1205 2844 1291 2884 eorum

263 2903 360 2940 cessans
376 2892 548 2953 compensatur
565 2891 629 2954 saepe
646 2906 692 2954 per
710 2893 828 2952 mutorum
844 2893 1144 2953 Ιιιιιιιιιιίῑιιιειιιιἰιιιιιίιιιιι
1155 2909 1228 2956 quum
1242 2902 1293 2950 dis-
1347 2909 1349 2913 ·

263 2961 364 3010 uanum
374 2962 400 3009 et
409 2974 484 3022 quum
498 2973 548 3009 non
556 2961 723 3010 disruirerent
733 2963 754 3010 si
764 2962 901 3009 venderent
921 2961 1049 3010 numeratu
1069 2965 1182 3022 pecunie.
1194 2969 1292 3018 creditu

263 3029 370 3078 vendere
388 3031 523 3091 eoguntur,
542 3031 817 3092 autinimopretio,si
829 3031 958 3078 numento
976 3032 1098 3095 pecunie,
1115 3034 1237 3096 veneunt,
1248 3041 1292 3099 qni

263 3099 386 3146 mercibus
396 3101 545 3148 obruuntur.
555 3102 637 3148 Goiiot.
656 3103 686 3148 Ρ.
699 3101 761 3148 Gob-
778 3103 837 3148 Aut.

293 3165 382 3213 Forsan
393 3167 442 3214 diei
453 3168 534 3227 posset
544 3166 619 3228 qu'oei,
630 3164 687 3214 οιίιιι
698 3168 815 3216 reinditur
826 3161 943 3227 coeuntes
953 3167 1038 3226 piures
1052 3167 1249 3234 sintemptores,
1261 3178 1293 3224 oin

265 3231 409 3280 facilitatem
419 3234 556 3294 solutionis,
567 3238 592 3283 ot
603 3232 667 3296 quod
676 3238 711 3282 sie
722 3239 841 3295 augeatur
851 3237 969 3296 pretium.
977 3236 1024 3282 Sed
1033 3237 1153 3296 quidquid
1164 3239 1196 3290 sit
1207 3241 1237 3290 de
1246 3244 1292 3293 hee

266 3299 430 3364 rationeque
439 3300 616 3360 inquibusotum
627 3300 890 3352 euunmstnntiisrorte
899 3304 980 3350 uuum
991 3303 1081 3352 habore
1090 3307 1295 3368 potueruntne

246 3405 249 3410 Α
267 3365 430 3415 communiter
440 3366 516 3414 liuere
525 3369 607 3416 intimo
617 3371 725 3430 anticiput
739 3371 860 3419 solutione
872 3383 970 3430 emere,
984 3372 1009 3418 et
1020 3383 1134 3432 supremo
1143 3378 1223 3436 pretio
1232 3393 1293 3430 ren-

268 3430 327 3479 dere
335 3430 447 3493 credito,
461 3434 533 3494 quia,
542 3438 570 3483 ut
580 3431 615 3484 ni't
624 3437 740 3500 Biiiuurt‚
751 3440 772 3487 oi
783 3439 835 3488 haec
846 3441 922 3488 licent
930 3438 1027 3500 quondo
1045 3443 1173 3494 numeratu
1186 3449 1293 3508 perunit

268 3499 388 3562 rendunt,
397 3513 498 3550 eurnon
505 3501 601 3563 quantu
611 3507 743 3566 anticipati
753 3508 884 3568 solutione,
893 3511 938 3556 nui
948 3507 1056 3558 creditit?
1063 3511 1111 3560 Sed
1124 3514 1188 3563 absit
1196 3517 1293 3566 suimus

267 3569 402 3618 marius.
414 3568 465 3618 iru'o
475 3573 558 3633 posset
568 3572 717 3623 interuenire
729 3575 769 3625 itio
779 3589 852 3634 usura
861 3578 988 3637 mentulis,
1004 3579 1066 3638 qtrin
1076 3584 1101 3629 et
1116 3583 1200 3632 rouiio.

297 3637 358 3685 cnon
368 3641 511 3690 resumitur
521 3640 655 3702 anticipati
666 3644 801 3705 solutione,
817 3648 903 3698 uotuut
917 3643 1006 3697 meriti>
1017 3648 1103 3710 piures
1116 3651 1292 3702 attendentium

267 3705 856 3771 annuumquuoonttomoorounuuooto·
1059 3717 1065 3725 '
1161 3753 1176 3807 5
