2964 4674
276 295 348 388 sal
428 307 667 398 prournro
690 321 741 375 nr
762 319 898 376 srxro
917 315 1152 377 numerare
1301 383 1304 390 Δ

273 433 335 502 que
349 406 478 479 Pietati
494 399 659 502 Episiopis
669 408 860 518 superiores,
876 433 939 478 non
952 408 1115 478 incurrunt
1134 417 1299 492 censuras,

247 565 258 586 ,
272 503 383 573 saltem
397 506 626 596 suspensionem
637 519 667 572 et
680 503 933 592 roterdictum(b)
944 498 1006 574 nisi
1016 505 1056 576 de
1069 504 1145 600 ipsis
1156 531 1309 602 expressa*

166 661 170 675 ι
272 601 326 672 iu
339 599 466 670 mentio.
483 598 564 694 Cap.
581 602 613 676 l„
630 600 673 667 de
685 613 901 692 sent.„excom.

314 695 469 786 Censuras
483 711 585 764 autem
596 721 664 790 quae
681 719 743 762 non
756 711 826 764 sunt
836 695 948 784 injure
961 695 1117 766 communi
1128 696 1300 788 incurrunt,

271 809 302 862 et
317 792 445 884 quidem
463 790 522 860 soli
536 790 736 885 quisulsjecti
750 806 821 858 sunt
835 815 887 860 eas
901 789 1030 873 serenti,
1045 791 1107 860 nisi
1126 794 1190 860 sint
1209 798 1228 861 a
1247 797 1303 886 ju-

268 887 450 967 risdictione
472 890 536 978 ejus
557 911 614 982 per
634 887 671 954 S.
694 885 881 954 Pontificem
901 886 1053 981 exempti,
1070 887 1178 980 quales
1193 916 1299 982 reges,

269 985 386 1078 reginae
398 997 546 1052 eteorum
565 981 638 1066 filii,
661 1007 730 1050 cum
750 979 933 1050 limitatione
950 997 1054 1051 tamen
1071 986 1092 1050 ὲ
1112 983 1302 1060 Tridentino

268 1082 423 1180 oppositi,
432 1081 567 1169 sessione
579 1084 616 1162 6,
639 1079 679 1148 de
705 1078 940 1160 reformatione,
965 1104 1035 1174 cap.
1052 1086 1090 1161 4,
1116 1095 1147 1150 et
1162 1089 1213 1166 25,
1229 1111 1299 1182 cap.

160 1224 168 1238 .
272 1183 376 1268 12(e);
397 1178 511 1290 guales'
523 1171 625 1248 a'dhim
639 1175 798 1270 regulares
815 1178 988 1273 cemplures
1002 1177 1036 1247 in
1050 1204 1087 1248 ee
1103 1181 1136 1248 in
1150 1207 1212 1276 quo
1230 1203 1302 1256 sunt

270 1292 420 1370 nemptr.
537 1343 540 1352 ,
1254 1319 1256 1322 -

263 1450 267 1459 ,
309 1371 396 1444 Nota
409 1401 416 1440 ε
430 1367 582 1463 Superior
594 1393 656 1436 non
668 1381 770 1462 potest
783 1367 1020 1438 fer'recensuras
1032 1370 1065 1438 in
1075 1379 1145 1440 suos
1158 1371 1301 1446 subditos

268 1472 357 1543 extra
371 1468 529 1558 degentes,
540 1463 600 1531 nisi
611 1489 669 1561 pro
680 1463 810 1532 erimine
823 1463 910 1556 quod
925 1481 1083 1534 censeatur
1102 1470 1301 1542 commissum

269 1559 603 1645 etconsummaturnin
617 1557 825 1629 suddioecesi.
896 1631 904 1646 1,
1454 1571 1455 1644 ι

305 1659 352 1739 Et
365 1657 434 1725 vice
455 1657 561 1735 versd,
587 1653 764 1748 Episcopus
784 1654 899 1744 degens
918 1655 951 1756 in
965 1655 1093 1726 dioecesi
1105 1658 1223 1744 aliena,
1237 1687 1318 1746 non¹
1454 1649 1455 1660 ἵ

267 1769 368 1850 potest
379 1749 634 1821 suumsubditum
645 1751 774 1834 censuri
784 1748 931 1843 plectere,
943 1751 1004 1821 nisi
1015 1753 1141 1822 obtento
1148 1755 1301 1855 Episcopi
1454 1759 1455 1810 l

184 1857 193 1868 ”
265 1851 329 1924 lori
350 1873 516 1930 consensu,
535 1844 585 1914 vel
599 1845 661 1914 nisi
681 1843 722 1914 sit
742 1848 766 1935 ex
780 1868 836 1913 suo
855 1846 1016 1916 territorio
1035 1848 1148 1941 injuste
1170 1855 1299 1944 ejectus.

309 1947 397 2019 Nota
408 1945 523 2017 iterirm
536 1972 544 2011 t
558 1941 708 2016 Viatores
723 1956 754 2010 et
763 1941 836 2032 vagi
851 1941 1032 2029 sortiuntur,
1044 1947 1162 2016 ratione
1176 1947 1299 2034 delicti,

228 2122 235 2135 ¹
267 2045 372 2115 sorum
383 2042 522 2139 episcopi
533 2038 595 2108 loci
609 2040 641 2107 in
651 2065 713 2132 quo
728 2035 871 2125 sunt(d).
1141 2062 1144 2069 ⁴

310 2140 397 2210 Nota
415 2138 547 2206 tandem
559 2133 646 2229 qubd
659 2132 687 2204 si
703 2133 810 2204 clerici
831 2161 894 2201 non
914 2149 1076 2206 teneantur
1094 2142 1216 2210 statutis
1237 2167 1300 2212 susc

268 2232 411 2303 dioeeesis
422 2235 438 2299 'e
449 2231 511 2323 qud
521 2229 682 2313 absunt(e)
694 2253 751 2294 nec
763 2227 894 2320 preinde
907 2230 1086 2317 subjaceant
1097 2236 1234 2304 censuris
1242 2263 1300 2332 per

263 2349 305 2397 'ea
323 2328 414 2409 latis,
426 2347 500 2392 'non
518 2324 603 2392 idem
618 2322 784 2390 dicendum
797 2321 838 2388 sit
857 2323 897 2389 de
917 2323 1071 2414 religiosis
1086 2354 1143 2420 pro
1162 2333 1300 2402 censuris

266 2423 365 2492 asnis
383 2417 595 2516 superioribus
610 2415 695 2486 latis.
712 2410 841 2520 Habent
858 2416 941 2518 enirn
958 2420 1110 2519 mundum
1127 2449 1187 2518 pro
1199 2430 1301 2496 tersi-

266 2533 362 2590 tono.
607 2528 613 2542 '

297 2699 335 2763 (o)
347 2697 511 2760 excipiuntur
518 2696 655 2759 presertim
666 2695 680 2746 a
691 2692 801 2748 censoris
810 2709 857 2759 per
865 2663 956 2748 statuti
966 2698 1126 2761 particularia
1135 2703 1203 2754 tatts.

296 2772 328 2818 ut
338 2768 500 2829 excipiuntur
510 2762 524 2815 b
536 2767 646 2816 censuris
656 2767 793 2816 obtrnmiue.
804 2767 830 2816 si
841 2769 925 2817 tamen
935 2769 1069 2830 Episcopus
1078 2783 1121 2820 ees
1128 2785 1178 2822 non
1188 2775 1299 2838 excipiat

267 2835 398 2899 expresse,
408 2837 472 2885 toret
482 2833 661 2896 consulendus,
670 2844 730 2884 narn
742 2837 768 2887 in
778 2837 922 2896 impuberes
932 2836 1044 2889 absolute
1054 2841 1115 2890 ferri
1125 2845 1236 2904 possunt.

193 2949 195 2954 .
287 2904 334 2969 'lbi
345 2901 412 2954 Bene
423 2900 482 2952 verb
493 2904 786 2952 excommunicationem.
798 2906 882 2956 cottt.
1215 2914 1222 2932 ¹

262 2985 267 2994 ’
298 2973 331 3038 (c)
343 2975 373 3024 bt
382 2972 479 3032 iudices
489 2984 534 3032 pro
544 2971 620 3019 rebus
630 2971 670 3020 sui
680 2973 799 3020 muneris.
811 2973 898 3033 none,
908 2973 964 3034 post
977 2974 1146 3029 Samborinm.

296 3043 332 3108 td)
343 3043 413 3092 nutet
428 3037 512 3090 eontra
522 3041 613 3089 multos
621 3041 751 3102 excipiunt
762 3052 878 3090 censuras
887 3053 937 3090 non
946 3055 994 3104 per
1001 3049 1154 3107 praeceptum
1163 3047 1296 3108 bassiane,

229 3141 237 3157 ι
266 3115 311 3164 sed
321 3127 367 3175 per
376 3111 497 3164 statutum
512 3111 583 3158 latas.
598 3111 641 3159 Ast
657 3106 812 3159 communitis
829 3111 855 3162 et
864 3109 1017 3172 probabitibs
1028 3115 1119 3165 docent
1129 3119 1260 3170 extraneos
1271 3122 1298 3169 et

266 3195 340 3246 vapos
350 3196 392 3232 eas
408 3183 550 3240 incurrere,
571 3180 667 3241 hocque
678 3178 827 3242 conformius
843 3182 975 3242 principiis
985 3184 1072 3243 positis
1083 3187 1127 3234 ubi
1138 3187 1170 3234 de
1185 3189 1298 3250 subjecto

267 3254 360 3315 legum.
379 3251 472 3311 Excipe
487 3250 509 3297 si
523 3249 618 3298 constet
636 3247 783 3310 Episcopum
797 3249 906 3298 noluisse
924 3250 952 3298 in
963 3253 1015 3300 suis
1025 3254 1123 3302 statutis
1133 3257 1298 3317 cumpreiren.

266 3321 325 3372 dere
341 3322 390 3370 nisi
405 3321 537 3400 cunenses
551 3318 594 3378 qui
605 3318 711 3368 venturu
725 3329 785 3369 curu
799 3321 882 3368 animo
902 3331 948 3380 per
963 3333 1009 3368 sex
1027 3333 1124 3372 aienses
1135 3325 1180 3373 aut
1189 3327 1298 3390 amplibs
1365 3325 1367 3329 ’

267 3390 480 3516 wgedoiiliilptio
489 3457 542 3504 baec
552 3456 635 3504 lecum
649 3454 742 3504 habere
759 3468 809 3505 non
825 3456 926 3506 videtur
938 3458 966 3506 in
980 3457 1083 3508 dioecesi
1093 3459 1241 3524 Bisrmtini‚
1252 3467 1297 3513 ubi

267 3527 391 3574 sententia
400 3538 474 3586 quarn
484 3525 525 3573 hic
535 3530 565 3574 ut
574 3525 766 3586 probabiliorem
775 3526 911 3585 habemus,
922 3523 983 3573 olim
994 3528 1081 3574 saltem
1092 3530 1120 3576 nt
1130 3531 1207 3577 tutior
1215 3529 1294 3580 trabe·
1315 3557 1317 3562 ·

267 3595 340 3644 batur
354 3607 405 3644 non
420 3594 604 3643 contradicente
619 3593 810 3656 archipresule,
827 3591 863 3642 itt
874 3596 903 3642 ut
913 3595 1055 3642 existimem
1065 3597 1234 3658 sacerdotem,
1244 3595 1296 3645 imi)

266 3664 443 3714 subdiaconum
454 3663 612 3725 extremm,
623 3663 690 3724 apud
698 3674 744 3714 nos
751 3665 883 3726 plusquam
892 3664 947 3712 octe
957 3661 1012 3710 dies
1023 3663 1050 3710 in
1064 3664 1150 3712 eodem
1160 3663 1215 3711 tuce
1227 3677 1302 3713 eom-

268 3733 417 3792 morantem,
426 3727 506 3780 teneri
517 3733 563 3780 sub
572 3729 645 3794 poena
659 3731 824 3792 suspensionis
832 3732 927 3791 gestare
936 3731 1031 3779 vestem
1041 3730 1153 3782 talarem.

299 3798 332 3863 (e)
344 3801 438 3848 Docent
446 3800 529 3850 tamma
539 3802 566 3849 Ρ.
577 3801 637 3848 Gab.
649 3800 704 3848 Ant.
713 3833 721 3860 ,
729 3799 846 3862 hayman,
855 3802 935 3859 Dens,
945 3799 1005 3862 etc,
1017 3797 1083 3864 qued
1091 3799 1112 3848 ri
1125 3811 1228 3849 censum
1245 3803 1294 3855 tata

267 3870 300 3920 sir
310 3879 356 3932 per
364 3869 512 3922 sententiam
522 3863 715 3940 velnrpndaturu
726 3867 908 3928 eremitorium,
919 3879 944 3915 v.
956 3879 1003 3931 pn,
1013 3871 1037 3940 ⁸⁶.
1046 3867 1093 3934 pub
1105 3867 1179 3933 prena
1191 3858 1296 3935 supponi
1388 3905 1391 3910 .
