2864 4672
255 323 327 390 522
600 313 745 391 'tonnae
768 339 931 394 ennom.
1052 291 1061 298 ..

253 435 321 495 idid.
330 451 361 496 rt.
377 429 461 514 Quod
473 431 604 516 objectum
614 435 680 516 legis
689 435 702 494 i
712 457 780 496 120.
788 437 859 496 Num
867 437 907 496 lex
918 421 1032 528 pumera
1045 439 1183 519 praecipere
1195 446 1299 522 possit·

253 525 481 603 artusinternos?
499 545 566 584 121.
583 547 613 584 a.
632 527 687 586 Sub
703 525 752 606 qui
764 528 857 586 virtute
869 528 961 586 cadant
976 527 1048 610 leges
1061 527 1285 594 tunanaettbid.

253 615 372 700 Quinam
383 615 485 700 legrltus
498 615 617 676 inmanis
635 615 792 696 teneantur?
809 638 877 678 122.
895 618 965 676 Num
980 619 1033 678 suis
1049 619 1105 698 ips-e
1126 618 1300 701 legislator?

253 711 322 771 ataid.
348 711 417 770 Num
438 709 514 792 liceat
538 709 627 790 legem
649 709 813 790 ignorantem
837 709 869 767 ad
891 731 946 768 eam
966 709 1113 770 violandam
1139 713 1288 776 inducere?

252 801 322 861 idid.
334 821 360 858 c.
376 802 445 860 Num
457 800 600 860 monendus
616 801 637 860 si
653 800 822 881 praevideatur
833 820 888 858 eam
902 801 1064 860 violaturus?
1081 803 1147 860 ibid.

293 895 364 954 Num
382 893 484 974 legibus
503 892 628 952 localibus
639 904 775 952 teneantur
785 893 864 972 vagi,
878 893 1009 973 peregrini
1023 905 1050 952 et
1065 893 1186 970 advenae,
1205 895 1280 959 123.

253 987 330 1049 Varii
345 1007 430 1046 casus.
447 985 563 1044 ibidem.
584 1007 614 1043 α.
635 985 660 1042 b.
678 1004 704 1041 u.

293 1073 436 1157 Quomodo
452 1075 618 1156 judicandum
634 1097 668 1133 an
679 1073 727 1134 sub
740 1073 811 1154 gravi
831 1087 876 1132 aut
890 1074 937 1134 suh
952 1073 1001 1133 levi
1014 1073 1054 1132 lex
1068 1074 1189 1156 obliget?
1206 1079 1282 1154 ¹24«

211 1183 215 1189 “
251 1167 323 1228 Num
347 1166 553 1250 leges'obligent
573 1187 632 1225 cnm
655 1163 936 1246 periculo-detrimenti
959 1165 1065 1246 grauis?
1083 1165 1151 1224 125.
1167 1170 1239 1230 Nom
1253 1187 1283 1232 et

252 1259 356 1338 quando
374 1258 473 1339 obliget
488 1256 528 1316 lex
542 1257 649 1316 lundata
661 1257 688 1314 in
702 1256 901 1336 praesumptione
913 1299 920 1326 ‚
933 1257 1013 1315 sires
1025 1273 1179 1340 praesumpta
1189 1261 1284 1320 desit?

256 1337 408 1409 1261Nun
424 1363 450 1408 et
464 1349 566 1428 quando
581 1348 679 1428 obliget
695 1345 736 1406 lex
750 1347 786 1404 ad
803 1368 855 1405 non
875 1347 1021 1427 ponendum
1036 1362 1080 1407 aut
1098 1352 1279 1413 removendum

252 1443 352 1503 obicem
367 1442 448 1522 ipsius
459 1439 623 1500 executioni?
636 1433 710 1520 iay.
728 1438 824 1496 Utrum
838 1452 863 1496 et
881 1439 984 1516 quando
1001 1437 1040 1498 lex
1052 1439 1111 1518 quae
1120 1442 1217 1523 impleri
1231 1466 1280 1505 ne-

253 1535 309 1615 quit
321 1533 406 1613 quoad
419 1546 519 1603 totum,
540 1530 640 1608 obliget
656 1530 688 1587 ad
703 1528 825 1608 partem?
844 1527 914 1586 ibid
930 1550 960 1586 a.
980 1530 1024 1588 An
1035 1545 1060 1588 et
1072 1533 1152 1609 qualis
1164 1534 1275 1594 intentio

251 1627 398 1704 requiratur
408 1623 440 1681 ad
450 1623 534 1702 legem
546 1619 718 1700 implendam?
731 1615 797 1676 128.
815 1618 885 1676 Ntn
893 1633 919 1677 et
934 1621 1037 1697 quando
1048 1622 1159 1701 pluribus
1170 1623 1276 1703 legibus

251 1730 296 1774 aut
312 1713 446 1796 praeceptis
454 1710 573 1772 satisfieri
589 1710 671 1790 possit
682 1709 760 1768 unico
772 1708 850 1767 actu?
866 1726 935 1791 ¹²9¹
947 1706 1012 1787 Quo
1024 1726 1136 1792 ternpore
1147 1714 1278 1794 implenda

144 1817 149 1826 '
251 1805 311 1867 lex?
326 1807 396 1863 Num
410 1817 510 1884 tempus
526 1800 664 1880 aliquando
686 1799 911 1880 praecolendum,
925 1813 950 1858 et
964 1822 1001 1860 eo‘
1015 1801 1120 1882 elapso,
1136 1803 1176 1864 lex
1191 1805 1277 1866 adhuc

253 1890 404 1976 implenda?
418 1891 487 1952 1302
868 1910 873 1916 ·

294 1985 372 2064 Quid
386 1998 411 2044 et
423 1981 561 2065 quotuplex
575 1981 642 2064 legis
654 1979 850 2062 interpretatio?
868 1977 936 2039 131.
950 1978 1220 2066 Quid-interpretatio
1231 2007 1278 2048 au·

253 2078 368 2138 theutica
381 2089 407 2135 et
417 2075 450 2135 ad
470 2074 531 2155 quid
542 2072 646 2134 valeat?
661 2073 729 2132 ibid.
748 2069 825 2149 Quid
837 2085 862 2131 et
876 2072 908 2130 ad
919 2071 981 2150 quid
991 2073 1075 2134 valeat
1097 2076 1277 2162 interpretatio

183 2235 189 2244 Ι
213 2186 214 2189 ’
252 2165 427 2228 doctrinalis}>
446 2164 515 2226 132.
533 2161 605 2241 Quae
623 2162 721 2244 regulae
747 2165 774 2222 in
790 2163 1003 2243 interpretatione
1019 2163 1106 2244 legum
1124 2167 1275 2227 servandae?

252 2258 414 2428 JaQuaiirllo
429 2362 457 2408 et
470 2347 598 2426 quomodo
612 2345 652 2404 lex
666 2358 749 2405 cesset
764 2344 880 2424 obligare
890 2343 954 2403 ?Ab
964 2345 1126 2406 intrinseco?
1145 2345 1213 2432 137.
1230 2345 1275 2409 Ab

252 2442 416 2507 extrinseco?
437 2440 510 2516 138,
520 2455 571 2501 etc.
586 2439 658 2498 Vide
676 2437 872 2512 :Adrogutio,
887 2438 1055 2515 Darogatc'oe
1069 2439 1276 2520 Dispensatio‚

139 2552 142 2562 ‘
243 2537 446 2612 'Prioilcgium
986 2534 988 2544 ’

195 2627 197 2632 ’
294 2627 371 2708 Quid
387 2628 421 2686 sit
436 2626 476 2686 lex
491 2647 548 2705 quae
563 2623 657 2683 dicitur
667 2622 731 2703 puri
742 2622 879 2703 poenalis?
898 2621 966 2696 148.
989 2624 1124 2685 Danturne
1142 2624 1212 2708 apud
1226 2646 1273 2688 uos

252 2719 318 2780 tales
328 2717 420 2798 leges?
435 2712 505 2774 ibid.
524 2715 551 2773 b.
568 2712 645 2794 Quid
661 2713 701 2773 lex
715 2713 813 2772 mixta?
834 2711 902 2797 149.
1022 2732 1027 2740 ·

293 2805 370 2888 Quid
381 2807 421 2865 lex
433 2807 561 2865 irritans?
579 2805 645 2864 152,
665 2801 864 2886 Quotupliciter
877 2804 982 2868 irritet?
998 2803 1066 2866 153.

291 2899 348 2958 Lex
358 2895 524 2956 tributonrm.
538 2897 607 2956 Vide
624 2918 631 2954 z
647 2897 798 2956 Taunum.

291 2991 349 3051 Lex
362 2987 599 3049 consuetudinaria.
618 2986 712 3044 Vide:
731 2986 921 3048 Consuetudo.

292 3081 400 3144 Ltltttu.
416 3077 536 3158 Quinam
547 3077 606 3137 libri
622 3079 694 3138 vetiti
706 3091 731 3138 et
743 3078 791 3139 sub
806 3077 856 3159 qui
871 3077 968 3161 poeni?
983 3077 1058 3162 766,
1074 3075 1143 3162 767.
1161 3079 1273 3140 Videibi

250 3173 308 3234 lusi
322 3171 527 3254 explanationem
543 3167 742 3252 prohibitionis,¹
760 3169 895 3246 lectionis,
908 3173 1075 3246 retentionis,
1091 3186 1141 3233 etc.
1151 3169 1274 3232 librorum

253 3263 442 3324 haereticorum.
1129 3279 1133 3283 '

293 3355 449 3414 Ltauntuu.
471 3351 542 3412 Vide
563 3371 570 3408 ε
589 3351 797 3412 Voluntartnm.
1012 3419 1016 3428 1

292 3444 448 3505 LtutttttEtt.
458 3439 535 3522 Quid
549 3443 644 3503 sithoc
655 3444 810 3504 matrimonii
821 3444 1031 3526 impedimentum
1043 3441 1188 3504 dirimens?
1200 3442 1269 3516 844.

253 3531 396 3611 Quomodo
416 3557 504 3616 gerere
522 3558 549 3596 se
566 3534 677 3595 debeant
688 3537 832 3618 conjuges,
851 3559 909 3596 cum
925 3559 993 3598 unus
1004 3550 1050 3596 aut
1063 3533 1139 3594 ambo
1156 3533 1275 3594 dubitant

253 3624 284 3685 de
296 3638 376 3684 morte
387 3626 536 3686 alterutrius
550 3627 718 3708 praecedentis
733 3629 875 3710 conjugis?
893 3628 964 3688 ibid.
1049 3643 1056 3653 ·

294 3710 365 3795 Quae
387 3717 512 3777 certitudo
528 3717 558 3779 de
573 3733 654 3778 morte
677 3719 800 3801 conjugis
823 3720 967 3801 requiratur
981 3725 1016 3780 ut'
1026 3720 1084 3801 quis
1104 3717 1138 3780 ad
1151 3714 1275 3778 secundas

214 3843 218 3849 ·
253 3809 357 3892 nuptias
372 3807 508 3869 convolare
520 3810 703 3890 queati'ibid.
724 3832 754 3870 a.

293 3901 461 3981 Lrouarto,
475 3917 606 3964 mortum.
622 3899 690 3962 Vide
701 3924 709 3961 ε
719 3903 818 3980 Sylva.
833 3964 837 3970 ,
