2926 4680
160 480 166 493 Ι
258 375 330 477 396
589 397 645 448 nn
667 393 956 450 secasmnmru

287 485 322 552 (qt
332 480 408 534 luxit
418 483 519 547 piures,
527 483 688 534 nonnecesse
698 485 737 534 est
746 486 806 534 tunc
817 483 900 534 tacere
910 496 988 534 noras
997 483 1135 534 bannorum
1143 487 1298 548 prociundi*

255 556 351 616 dones,
362 568 410 604 nec
424 553 457 604 ab
472 554 509 602 cis
519 554 634 604 obtinere
647 555 873 616 dispensationem.
884 550 961 604 luxti
978 555 1039 604 aiios
1058 555 1112 604 tisri
1124 557 1227 616 debent,
1238 559 1297 608 nisu

193 665 204 686 ,
256 638 339 690 nuper
355 624 427 674 iactas
442 624 486 673 cut
497 623 631 673 obtinenda
642 626 674 674 ab
693 626 730 675 eis
748 625 908 686 dispeurstio.
923 625 994 686 Quod
1005 626 1155 688 consultius,
1168 628 1255 676 mitem
1264 627 1293 678 ab

254 695 402 758 permittant
421 694 626 744 circumstantiae.

258 769 275 802 v
465 778 469 786 ι

583 851 588 858 “
653 841 821 906 SECTIO
845 845 891 906 11.

392 991 396 1000 '
450 1010 742 1070 mussemutinae
758 1011 785 1060 et
802 1011 915 1070 subjecto
925 1011 1088 1063 mautmonn.

964 1096 969 1130 t

175 1187 185 1206 ·
252 1159 371 1322 D819.
398 1133 637 1240 Murmura,
666 1171 703 1224 ut
721 1168 773 1226 *est
798 1156 832 1225 in
854 1156 992 1228 officium
1016 1173 1153 1242 naturae,
1179 1175 1287 1232 auctor

288 1277 359 1330 eus;

295 1348 651 1442 Utestsacramentum,
671 1346 832 1418 Christus.

295 1523 367 1586 820.
396 1515 561 1603 Ministri,
585 1531 620 1588 ut
642 1532 818 1602 contractus
840 1516 992 1586 naturalis
1018 1517 1146 1600 saitem,
1166 1535 1289 1589 contra-

185 1591 187 1608 '
252 1612 439 1701 usse>-

284 1787 320 1851 (α)
331 1787 460 1836 Unanimis
473 1781 526 1835 ieri
540 1783 711 1850 mdqnornnr,
721 1782 750 1833 et
764 1782 874 1844 pturtnm
885 1777 971 1832 contri
982 1783 1043 1833 aiios
1052 1784 1221 1834 recentiorum
1231 1797 1288 1834 sen·

251 1857 331 1905 tentia
345 1858 392 1918 est,
403 1857 562 1905 validissimis
572 1855 634 1904 tutta
645 1855 834 1910 auctoritatibus
844 1854 870 1901 et
880 1855 1030 1914 ratiociniis,
1038 1855 1213 1902 contrahentes
1221 1856 1287 1916 ipsos

227 1933 231 1942 ’
252 1929 441 1977 ministrusesse
460 1925 617 1974 sacramenti.
635 1925 663 1972 In
682 1922 729 1971 hic
740 1920 863 1971 sententid
880 1935 1016 1971 consensus
1027 1923 1285 1985 utiuristraditirus,

250 1997 355 2046 materia
367 1998 418 2058 est3
429 1998 458 2044 ut
467 1995 649 2055 acceptativus,
661 1993 749 2041 torma.
763 1995 791 2039 in
803 1991 930 2040 sententia
945 1991 1081 2052 contraria,
1094 1990 1104 2054 t
1116 2005 1172 2053 que
1183 1990 1211 2040 ed
1221 1993 1286 2042 diiii·

251 2064 326 2115 ciiids
343 2065 454 2126 adoptari
473 2065 593 2123 deberet,
605 2057 670 2124 qubd
689 2065 835 2122 argumenta
855 2065 1015 2122 apparentis,
1030 2064 1077 2112 etsi
1091 2063 1188 2122 iutilia,
1204 2059 1287 2113 minirs

251 2147 331 2195 sane,
342 2132 392 2182 imd
404 2132 562 2182 heterodoxo
572 2133 692 2181 doctrinm
701 2127 766 2180 circi
777 2132 925 2192 potestatam
941 2133 1120 2194 impedimenta
1135 2133 1286 2182 matrimonii

250 2204 389 2262 statuendi,
400 2203 509 2263 praebeat
520 2201 529 2262 )
541 2203 644 2249 materia
655 2201 695 2249 est
704 2203 806 2250 mutuus
816 2202 1020 2266 conmbentium
1030 2215 1177 2263 consensum
1194 2202 1293 2264 bema„

250 2270 327 2319 verba
337 2271 489 2318 sacerdotis:
499 2271 550 2330 Εᾳο
558 2284 617 2328 vor,
629 2270 679 2318 etc.

280 2339 425 2386 Benedictio
438 2338 555 2386 solemnis
572 2351 629 2398 quae
642 2339 730 2398 nuptis
746 2339 834 2400 datur,
843 2341 922 2389 oratio
938 2336 1018 2390 soidns
1027 2341 1066 2389 est
1080 2353 1135 2400 quae
1146 2353 1195 2389 non
1205 2341 1244 2390 est
1253 2340 1294 2391 de·

250 2407 413 2467 obligatione,
426 2405 507 2468 inquit
517 2407 545 2453 P.
556 2406 613 2454 Ant.
624 2402 638 2454 d
649 2406 758 2466 Goritid,
769 2409 794 2455 et
805 2409 836 2456 de
846 2411 909 2457 tacto
919 2411 944 2456 iu
955 2409 1111 2455 matrimonio
1122 2409 1205 2457 viduae
1213 2411 1288 2460 omit·

249 2478 313 2526 titur
323 2477 350 2523 in
360 2475 462 2523 dioecesi
473 2472 615 2523 bisuntini.
625 2475 727 2524 sedeur
737 2477 764 2524 in
775 2479 833 2528 aliis
838 2479 1000 2526 matrimoniis
1009 2478 1182 2524 omitteretur?

291 2629 366 2692 821.
385 2621 569 2714 Subiectum
582 2623 777 2694 matrimonii
786 2639 855 2694 sunt
867 2623 915 2690 vir
927 2636 958 2688 et
971 2619 1101 2690 foemina
1113 2623 1286 2710 nullo,sive

224 2791 226 2796 ,
249 2717 384 2811 naturali
399 2718 464 2787 sive
477 2719 556 2810 juris
567 2720 697 2814 positivi
711 2718 934 2815 impedimento
947 2715 1080 2800 irretiti,

291 2812 360 2976 gui
376 2813 526 2909 baptizati
536 2816 599 2884 sint
612 2819 653 2884 ad
669 2818 811 2885 effectum
826 2812 1013 2880 sacramenti
1022 2814 1218 2910 recipiendi;

319 2926 489 3004 erventque
506 2911 626 2980 formas
640 2915 659 2977 a
671 2909 741 3000 lege
759 2906 846 2990 civili
866 2908 1087 3003 prescriptos,
1111 2910 1223 2980 saltem
1241 2911 1284 2984 ad

250 3002 379 3074 effectus
393 3005 501 3076 civiles
516 3006 794 3086 obtinendos[8a8,
810 3006 860 3088 a].

290 3100 390 3170 Surdi
400 3101 493 3170 simul
507 3117 537 3172 et
550 3099 630 3180 muti
644 3099 778 3193 caecique
789 3103 809 3168 it
822 3099 1002 3182 nativitate,
1023 3101 1216 3170 matrimonii
1236 3103 1283 3172 in-

250 3221 379 3293 capaces
402 3212 488 3280 sunt,
509 3197 615 3291 utpote
638 3194 694 3280 qui
716 3220 779 3263 non
802 3193 922 3290 possint
952 3195 1018 3287 ejus
1042 3195 1207 3292 percipere
1229 3223 1283 3267 na·

250 3309 366 3364 turam.
1028 3325 1030 3328 ·

293 3387 391 3458 Secirs
405 3387 493 3459 surdi
507 3403 538 3458 et
549 3388 629 3457 muti
642 3405 776 3471 tantum,
791 3387 819 3458 si
833 3412 903 3460 eam
916 3388 1078 3483 percipere
1092 3405 1216 3482 queant,
1225 3387 1281 3482 qui

250 3497 354 3648 Ἤ
366 3486 432 3554 sine
446 3484 597 3584 Episcopi
607 3485 745 3573 licentii,
754 3503 786 3557 et
797 3509 861 3556 non
876 3485 937 3557 nisi
948 3487 1004 3558 <lit
1017 3486 1142 3582 probati
1156 3487 1281 3577 conjun-

252 3603 273 3668 g
359 3597 443 3653 sunt.
1144 3607 1147 3614 ¹
