2974 4678
260 351 270 371 κ
297 313 362 384 ma
547 331 600 384 nn
620 326 810 386 serviero
829 331 1063 386 enecuere

292 414 464 482 rternpdqadd,
475 419 495 468 si
508 433 554 468 υυυ
568 421 648 468 terent
659 420 845 480 delinquentes,
857 421 949 468 domini
960 421 1072 468 custodes
1086 420 1176 468 trabere
1188 421 1214 469 et
1224 423 1318 474 solvero

290 502 338 536 non
352 492 507 547 tenerentur,
518 489 692 549 responderem
709 489 754 534 boc
764 489 818 537 fieri
830 501 875 550 per
891 487 1012 536 accidens.

320 558 387 608 idem
397 571 425 606 ac
441 559 472 605 de
488 558 627 618 sylvarum,
647 558 705 616 oto,
718 556 1015 616 custodibus,'dicendnm
1032 557 1130 604 videtur
1141 557 1170 610 dc
1182 560 1320 618 praepositis

288 627 320 673 a'd
329 627 449 686 gabellas,
459 625 543 674 autad
553 637 648 676 trunces
658 622 793 686 prohibitas
804 625 985 678 introductione
995 625 1177 686 impediendas,
1186 628 1218 674 de
1228 630 1319 688 quibus

289 708 355 743 mox.
366 695 497 744 Custodum
515 694 608 742 directa
624 694 747 742 institutio
760 697 797 742 est
806 695 835 742 ut
843 695 1078 754 gabellaesolvontur
1090 697 1116 742 ct
1127 697 1155 745 ut
1164 707 1258 753 merces
1269 711 1324 755 υουΙ

289 763 474 811 introducantur
483 765 526 811 aut
535 775 585 812 non
596 756 742 811 evehantur.
748 765 872 822 Praepositi
882 757 938 822 ergo
947 764 1060 812 'custodes
1071 764 1114 824 qni
1124 777 1173 810 non
1184 764 1317 814 deferendo

287 824 360 881 «elusa
370 835 427 882 sunt
437 845 482 878 cur
491 833 592 892 gabellae
602 843 651 879 non
662 832 796 890 solvantur,
805 833 923 898 tenentur
933 845 975 880 eas
984 834 1079 890 solvere
1090 832 1116 880 in
1127 832 1227 882 detecta
1237 835 1317 882 delin-

287 901 426 962 quentium.
436 901 479 948 Ast
488 901 530 962 qut
541 913 586 962 per
596 900 737 958 silentium,
749 901 808 966 etc,
819 913 892 948 causa
901 903 958 948 sunt
967 915 1011 948 cur
1021 901 1206 949 introducantur
1221 915 1316 951 merces

287 969 416 1030 prohibitae
423 1000 434 1028 ,
443 971 487 1018 adt
503 971 655 1028 evehantur,
667 970 697 1017 ad
707 969 770 1016 nihil
780 970 897 1018 tenentur
915 964 963 1016 nisi
975 970 1097 1016 forsanad
1117 971 1225 1030 aliquid,
1235 973 1260 1020 in
1272 973 1316 1020 bo-

287 1051 347 1084 num
358 1051 486 1086 commune
497 1039 540 1086 aut
556 1037 611 1098 pias
618 1050 705 1085 causas
720 1038 913 1098 impendendum
924 1051 968 1098 pro
979 1039 1067 1086 damno
1077 1039 1142 1098 quod
1153 1039 1212 1088 hinc
1221 1041 1316 1100 patitur

287 1106 461 1153 commercium
472 1107 610 1165 nationale,
621 1107 647 1154 et
655 1105 736 1154 forsan
745 1119 788 1165 pro
801 1119 830 1153 eo
840 1107 1009 1166 quodpatitur
1018 1107 1132 1166 princeps
1141 1121 1186 1168 pro
1197 1110 1315 1160 imminu-

287 1175 353 1223 tione
363 1175 520 1234 vectigalium
541 1174 664 1223 mercibus
682 1175 847 1222 nationalibus
866 1175 1044 1234 impositorum.
1064 1175 1150 1224 Fateor
1165 1177 1249 1230 tanuen
1268 1181 1313 1228 lroc

286 1244 401 1292 initimum
412 1239 489 1303 rigide
501 1245 527 1292 et
536 1238 550 1290 a
559 1243 661 1303 longiori
672 1243 786 1291 concludi
798 1243 887 1292 videri.
1119 1247 1122 1252 '

315 1309 378 1361 Ndm
392 1307 524 1372 rigorosids
539 1312 664 1360 diceretur
675 1312 815 1371 custodem,
827 1313 870 1372 qui
888 1312 947 1362 sinit
961 1325 1056 1369 merces
1065 1314 1200 1374 prohibitas
1210 1317 1311 1378 invehi,

286 1395 334 1430 nnn
344 1382 448 1442 implere
459 1381 660 1442 munusndquod
670 1382 805 1429 conductus
816 1385 867 1441 est3
875 1395 902 1429 ac
914 1379 1016 1442 proinde
1027 1385 1121 1442 partem
1132 1385 1246 1444 stipendii
1259 1401 1312 1448 pro

286 1447 545 1510 portionatamteneri
564 1451 710 1509 restituere,
721 1451 785 1496 sient
795 1447 921 1509 operarius
930 1453 973 1512 qui
982 1448 1045 1499 virale
1060 1453 1158 1512 tempus
1168 1455 1313 1515 insumpsit?

285 1520 349 1578 (puin
359 1519 379 1566 si
390 1519 459 1566 dives
470 1518 510 1578 sit,
522 1519 547 1567 ct
557 1515 600 1565 alii
612 1517 721 1578 ejusdem
734 1517 849 1566 custodiae
860 1521 982 1580 prepositi
993 1533 1123 1580 pauperes,
1134 1535 1215 1571 nouere
1225 1524 1251 1571 ln
1260 1537 1312 1586 poe··

285 1587 415 1637 nitentium
423 1584 489 1645 inste
508 1587 657 1646 obligaretur
667 1587 697 1633 ad
707 1587 801 1646 aliquid
818 1589 854 1635 eis
865 1589 1023 1643 tribuendum
1042 1602 1086 1648 pro
1096 1593 1166 1650 parte
1176 1605 1250 1652 quam
1269 1595 1312 1644 ha·

284 1655 395 1704 tuissent
404 1653 554 1716 inceptura,
563 1656 585 1703 si
597 1667 645 1702 non
656 1655 744 1704 luisset
758 1656 877 1716 impedita
888 1652 901 1703 i
912 1659 976 1704 analo
988 1657 1104 1706 custode?
1332 1675 1334 1682 ¹

314 1718 399 1784 Quoto
414 1725 509 1784 partem
520 1735 574 1784 quae
585 1725 637 1784 regi
652 1724 792 1778 advenisset
802 1737 834 1772 ex
849 1727 969 1774 mercium
984 1727 1170 1788 confiscatione,
1182 1731 1265 1780 audivi
1280 1734 1311 1780 ab
1343 1731 1345 1736 '

285 1807 357 1841 virtue
368 1793 546 1854 principalibus
553 1794 751 1866 praepositorum,
762 1794 826 1841 nihil
835 1807 865 1842 ex
873 1794 902 1842 etv
911 1795 957 1856 ipsi
968 1797 1061 1846 restare
1069 1799 1123 1856 post
1133 1801 1310 1858 sumptuslitis.
1407 1853 1410 1860 ,

284 1857 419 1911 Notandum
437 1859 560 1923 quodnisi
581 1863 787 1926 eustosinddelis
798 1862 933 1924 deliquerit
949 1867 1018 1926 actu,
1037 1878 1086 1912 uon
1104 1868 1310 1926 apprehendendo

284 1945 379 1981 merces
388 1932 538 1993 prohibitas,
548 1929 681 1983 seo-sotim
691 1927 763 1981 aute'a
774 1927 901 1982 colluserit
911 1947 967 1982 cum
979 1947 1062 1999 eorum
1074 1935 1191 1995 dominis,
1203 1939 1246 1986 aut
1264 1940 1311 1986 eir-

284 1999 402 2050 'eitorlbus
413 1999 421 2063 (
433 2003 464 2050 les
480 2001 665 2051 contrebnndters
674 2001 758 2065 )‚'non
768 2015 853 2062 magna
869 2015 924 2064 spos
934 2005 988 2051 erat
1007 2000 1071 2064 quiid
1080 2007 1239 2064 apprehensae
1250 2008 1311 2055 tuis-

284 2073 353 2133 sent3
364 2083 393 2120 ae
412 2067 515 2132 proinde
535 2071 652 2119 damnum
669 2074 735 2120 reale
754 2073 819 2133 quod
838 2086 869 2121 ex
890 2075 1025 2122 collusione
1042 2078 1228 2137 exsurrexit,si
1245 2079 1308 2139 quoi

283 2137 369 2190 reveri
379 2141 465 2189 natum
475 2141 521 2199 sit,
532 2154 575 2201 pro
586 2141 681 2190 ratione
691 2142 742 2202 spei
761 2142 920 2202 astinetum,
932 2139 1036 2190 multum
1054 2145 1188 2193 minutatur.

227 2230 230 2242 =
313 2209 499 2266 Desiderarem,
513 2207 605 2266 lector,
616 2222 686 2267 posse
698 2211 723 2258 in
735 2208 780 2255 laiac
790 2208 892 2256 matoria
904 2209 1083 2273 asseverantiris
1093 2213 1186 2270 elicere.
1244 2213 1248 2216 '

315 2275 350 2338 (b)
360 2275 448 2323 Notaui
458 2276 533 2336 aliqui
544 2273 632 2323 merito
642 2277 753 2341 custodes
762 2289 864 2334 peccare
879 2289 948 2336 posse
960 2275 1043 2340 contri
1058 2279 1240 2340 iuramentum,
1251 2287 1307 2332 edm

282 2337 400 2391 damnisia
410 2343 569 2403 delinquente
587 2344 706 2402 reparatis
716 2343 759 2390 aut
769 2339 782 2390 a
792 2344 890 2390 domino
906 2344 1060 2404 condonatis,
1076 2347 1249 2406 delinquentes
1259 2361 1307 2400 υου

282 2411 412 2470 ιιυιουυυις
427 2411 486 2472 quia
506 2410 614 2459 instituti
624 2412 681 2459 sunt
691 2424 734 2472 pro
745 2411 808 2459 bono
819 2413 943 2462 communi
961 2413 1026 2472 quod
1036 2414 1114 2474 exigit
1131 2415 1215 2476 polliri
1225 2417 1307 2468 ‹telin-

280 2481 393 2541 qnentes.
907 2515 909 2520 .
937 2495 940 2500 ·
1125 2495 1126 2500 ’
1264 2511 1269 2520 =

321 2967 324 2973 .
342 2942 517 2980 nemansvrrns
527 2943 711 2980 maenomenon
721 2945 829 2982 rnvnnrrs
837 2944 1017 2982 bismannum
1025 2948 1073 2982 aar
1083 2948 1242 2986 comanensis.
1269 2927 1271 2930 ’

323 3091 395 3163 Sia.
410 3083 660 3158 Drsrnreononns
672 3075 721 3154 vel
734 3085 900 3182 partitores
913 3087 1100 3160 tributorum
1116 3090 1218 3182 injusti
1235 3121 1303 3184 grn-

281 3188 358 3252 vitcr
372 3196 441 3249 sunt
482 3269 483 3272 Ἴ
1216 3185 1221 3192 ”

327 3285 356 3344 1⁰
371 3277 407 3344 Si
420 3280 541 3369 majora
554 3281 648 3370 qnam
662 3278 794 3360 sancita,
807 3278 1005 3351 distribuant.

324 3377 355 3437 2⁰
366 3371 402 3439 si
415 3398 476 3440 non
490 3374 531 3442 ad
545 3371 772 3465 equalitatem,
788 3373 896 3444 habita
916 3377 1034 3452 ratione
1056 3375 1215 3445 tonorum.

321 3463 430 3548 Unde,
442 3467 470 3533 si
485 3492 543 3559 ope
555 3467 838 3536 commissariorum
854 3496 941 3538 error
956 3470 1132 3565 inrepserit,
1148 3469 1228 3538 hrum
1243 3498 1252 3559 1
1266 3497 1301 3536 ro

280 3561 395 3628 viribus
408 3577 562 3656 reparent.

313 3653 397 3723 item
411 3653 438 3724 si
452 3682 469 3723 a
484 3657 758 3748 praedecessoribus
773 3659 936 3724 commissa
951 3659 991 3725 sit
1000 3657 1201 3750 inaequalitas..

318 3749 391 3818 Non
404 3769 531 3847 possunt
547 3767 647 3819 tamon
661 3753 789 3845 proprii
802 3753 981 3821 auctoritate
1000 3751 1224 3821 distributionis
1236 3777 1300 3820 mo«

277 3844 349 3912 dum
372 3856 511 3926 uiolare,
528 3849 553 3914 si
571 3849 641 3914 invid
656 3846 749 3925 aliqui
768 3861 945 3936 graventur.
