2960 4684
604 283 850 356 anennoeu'
1198 279 1243 352 ιδ’

212 393 381 456 etudctlmem
391 389 526 451 tenuerent
535 390 647 442 mnes..
654 393 702 440 rlcc
712 390 887 440 reuomentem
895 389 995 438 ortmttll.
1006 385 1035 438 m
1044 397 1090 450 per
1098 387 1179 449 legen
1190 389 1204 437 7
1214 389 1239 438 u.

213 463 349 525 depactis:
363 462 512 510 Generaliter
522 462 607 520 qnoltes
624 464 720 520 poclum
729 458 806 518 ἀίω-ρ
822 461 941 507 eornrnuur'
952 461 1067 506 ennolion
1086 459 1133 516 eet,
1152 460 1242 506 emron-l

213 532 255 581 troc
263 547 309 580 non
321 533 430 592 oportet,
440 543 481 577 nec
487 529 662 588 jusjurandum.

242 601 268 650 Si
273 599 516 659 juramentumcnlet
524 599 549 644 ln
559 599 697 645 contractus
705 596 832 656 dequibus
841 595 935 643 dictum
944 595 982 644 est
990 592 1054 656 qnbd
1065 595 1240 657 oblinatloncnr

211 671 353 719 naturalem
372 669 478 727 pariant,
495 668 549 714 illos
568 667 658 713 firmat.
670 667 694 716 si
715 665 740 712 ln
751 662 851 712 omnlnb
866 665 962 723 bellos,
978 666 1131 724 probabilius
1142 665 1241 714 videtur

212 749 256 787 eos
267 747 317 785 uon
328 737 423 784 llrmare
435 738 458 784 in
469 741 556 794 genere
571 734 689 798 justitiae}
701 730 764 781 ben'e
775 731 847 794 verb,
859 733 986 781 el'omnes
997 734 1118 794 latentur,
1134 731 1184 780 lllls
1195 733 1241 780 tru-

212 817 309 868 ponere
317 806 484 864 obligationem
493 804 689 866 religionismisi
698 803 732 852 sit
742 798 827 851 contri
844 803 925 863 leuem
938 803 1113 864 prohibentem
1131 803 1175 850 aut
1191 801 1239 850 sub

214 872 291 935 culpe
300 875 490 936 praecipientem.

667 980 777 998 Μ

256 1067 326 1142 4²4·
349 1059 535 1128 Contractus
558 1059 724 1129 intrinsccd
749 1060 944 1130 constituitur
969 1085 1006 1129 ex
1026 1077 1133 1130 mertun
1157 1061 1240 1132 cited

215 1156 431 1249 obligationem
450 1154 577 1246 justitiae
595 1155 656 1224 sibi
669 1155 888 1251 imponendam
904 1155 1147 1226 contrahentium
1160 1182 1239 1226 con-

212 1275 313 1320 sensu.
664 1305 667 1312 ⁴

253 1345 319 1436 Qui
332 1371 425 1414 venis
438 1345 493 1427 sit,
509 1369 564 1414 sen
572 1345 711 1416 internus
718 1347 780 1432 (a).

226 1433 228 1442 ¹
251 1439 350 1510 Plen'e
368 1441 568 1511 deliberatus.

251 1533 482 1606 Manifestnlus.
524 1571 527 1576 ·
1128 1589 1130 1595 -
1168 1586 1171 1594 ,

155 1661 158 1667 ¹
250 1633 439 1727 Acceptatus
455 1630 584 1716 (sellem
594 1628 686 1698 taciti
698 1627 735 1719 *in
746 1622 953 1698 contractibus
966 1629 1152 1722 gratuitis).'

249 1727 293 1797 Et
307 1753 417 1820 expers
433 1726 547 1795 erroris
562 1725 769 1794 substantialis
777 1727 823 1810 (b)
839 1723 941 1793 dolive
955 1751 1090 1794 errorem
1101 1727 1238 1798 substan·

207 1822 314 1892 tialem
324 1821 515 1902 inducentis,
530 1821 691 1914 metusque
701 1819 878 1887 libertatem
894 1819 934 1887 ad
949 1820 1148 1914 praebendum
1163 1847 1239 1890 con-

207 1943 332 1988 sensum
350 1918 442 2008 plen'e
465 1915 669 1984 deliberatum
697 1913 896 1982 sufficientem
925 1940 987 1981 non
1019 1913 1236 2008 relinquentis,

208 2011 370 2106 quamvis,
382 2011 508 2076 absente
523 2025 606 2076 metu
615 2009 686 2088 boc,
699 2013 786 2101 aequb
796 2009 893 2078 [actus
904 2009 1012 2077 intimet
1030 2023 1215 2080 contractus.

250 2105 291 2172 In
303 2128 374 2172 casu
385 2119 488 2170 tamen
502 2101 566 2169 doli
582 2127 717 2170 errorem
728 2103 957 2173 substantialem
969 2128 1030 2171 non
1048 2101 1236 2190 inducentis,

208 2217 263 2270 aut
272 2201 372 2268 metus
386 2197 491 2288 gravis
507 2196 678 2266 libertatem
689 2198 727 2266 ad
743 2224 922 2268 consensum
938 2198 1154 2294 relinquentis,
1167 2227 1238 2269 con·

206 2310 341 2376 tractus,
356 2295 381 2361 si
401 2292 442 2360 sit
456 2292 613 2376 solubilis,
637 2294 770 2361 rescindi
786 2293 897 2362 saltem
909 2310 1026 2388 potest,
1038 2294 1066 2364 si
1080 2294 1168 2364 dolus
1183 2311 1236 2364 aut
1267 2341 1271 2358 .

205 2407 306 2460 melus
317 2389 377 2482 ipsi
388 2415 511 2457 causam
522 2389 664 2457 dederint
676 2390 851 2478 iujustb(c).
948 2443 960 2450 ..
1088 2470 1091 2477 ¹
1200 2461 1204 2468 ,
1229 2393 1231 2400 “

248 2485 346 2578 Qubd
359 2485 386 2553 si
400 2484 490 2554 dolus
504 2501 575 2552 tunc
589 2489 608 2552 b
620 2485 713 2553 tertio
728 2484 863 2567 venerit,
878 2509 941 2552 non
950 2482 1103 2580 participe
1115 2502 1235 2556 centra·

205 2581 314 2662 bento,
341 2581 391 2670 jus
405 2605 468 2648 non
485 2581 538 2647 dat
560 2580 663 2648 locum
685 2579 860 2648 rescissioni
885 2584 1057 2654 contractus
1066 2583 1132 2668 (d),
1155 2583 1235 2651 bend

205 2679 300 2754 verb,
323 2675 380 2744 etsi
393 2675 530 2759 blumio,
555 2674 701 2745 violentia
718 2690 880 2744 autmelus
894 2677 1016 2764 (1111).
1032 2677 1120 2768 Lege
1137 2692 1236 2748 totam

207 2771 374 2838 sectionem
389 2771 444 2838 ubi
457 2770 579 2840 videbis
591 2771 800 2864 exceptionem
815 2771 976 2853 effectibus
991 2773 1091 2840 mctds
1103 2772 1236 2841 ordina·

206 2865 247 2936 rii
256 2918 264 2948 ,
277 2865 360 2958 qubd
381 2869 492 2958 nempe
517 2866 620 2934 locum
641 2869 706 2958 ejus
720 2891 783 2934 non
804 2881 923 2950 teneat,
937 2867 971 2935 in
983 2867 1128 2963 praesenti
1138 2893 1230 2950 casu,

205 2959 300 3028 timor
310 2959 701 3045 reverentialis(rul)(e).

246 3055 309 3122 ch
321 3071 394 3123 nota
412 3061 443 3122 ιο
463 3056 636 3148 reparanda
653 3081 719 3124 esse
734 3055 847 3124 damna
858 3081 894 3123 ex
910 3056 982 3124 dolo
997 3070 1050 3122 aut
1063 3071 1149 3124 metu
1164 3081 1231 3126 eve·

204 3148 336 3232 mentia,
351 3149 407 3218 etsi
424 3165 596 3229 contractus
610 3176 672 3218 non
683 3164 763 3218 esset
777 3150 999 3230 rescindibilis‚
1018 3165 1053 3216 ut
1069 3173 1132 3214 non
1153 3164 1231 3218 osset

204 3245 335 3328 (attento
358 3243 468 3312 saltem
488 3243 557 3312 soro
574 3248 741 3331 externo),
766 3244 794 3312 si
814 3243 912 3310 sactus
936 3241 1045 3310 luisset
1072 3240 1172 3318 solium
1193 3269 1230 3313 ex

204 3354 290 3407 metu
302 3337 375 3410 leui.
1137 3339 1146 3376 ”

248 3439 282 3500 2⁰
296 3432 333 3502 si
347 3433 491 3530 deceptus
502 3451 555 3504 aut
574 3449 694 3503 metum
715 3455 823 3528 passus
843 3446 926 3502 staro
947 3429 1022 3502 velit
1042 3435 1227 3515 contractui,

204 3528 282 3598 alter
293 3554 356 3597 non
369 3546 487 3625 potest,
504 3530 614 3600 saltem
627 3529 827 3624 plerumque,
843 3528 975 3598 resilire.
1020 3595 1021 3600 ,

243 3628 278 3692 3⁰
290 3623 411 3694 Metum
425 3625 553 3696 rationis
564 3650 654 3718 risum
665 3624 889 3719 relinquentem
900 3624 1031 3704 reddere
1041 3625 1144 3692 tamen
1158 3649 1228 3695 con·

204 3732 335 3786 tractrnn
358 3721 429 3812 jure
454 3734 573 3788 naturae
602 3718 792 3795 invalidum,
825 3723 897 3786 cum
912 3719 1068 3809 objectum
1090 3717 1155 3808 ejus
1180 3733 1227 3786 cst

203 3810 345 3910 liberatio
358 3815 398 3884 ab
413 3815 574 3886 vexatione
586 3829 639 3886 aut
649 3830 734 3886 metu
747 3814 876 3906 injusto,
888 3814 945 3882 etsi
958 3829 1057 3884 metus
1070 3837 1133 3882 non
1143 3811 1226 3881 incre
