2950 4680
448 425 507 462 w
589 391 828 476 encaustae.
969 449 971 452 -
1071 395 1244 496 *2934

198 519 253 558 erce
263 501 413 570 penitentes
422 501 513 556 multoc
529 507 574 568 qut
592 507 636 555 hos
647 507 855 560 extraordinarius
867 497 989 567 peccanti
1003 505 1087 558 mutos
1097 506 1139 556 rei
1152 513 1224 557 corrn-

198 583 282 628 tautnr
292 579 332 626 rel
347 588 396 624 uon
406 577 460 624 sine
472 576 628 624 remordente
640 573 790 624 conscientii
801 575 1004 630 ureternrittunt.
1015 577 1064 624 Etsi
1077 576 1134 637 erro
1143 579 1227 626 ruodo·

197 660 252 696 rum
264 648 289 694 et
300 646 539 697 circumstantiarum
546 645 796 696 extraordinariorum
806 647 831 693 et
841 645 984 694 notabiliter
996 646 1116 694 malitiam
1132 659 1227 707 augen-

197 713 366 774 tium,hreris
377 713 503 774 inquisitio
511 714 583 761 castis
590 714 674 762 verbis
683 715 746 764 iacta
757 714 789 762 ad
798 714 861 761 nihii
873 711 1084 773 inservuetqutm
1096 714 1127 761 ad
1138 727 1225 776 pacem

197 783 351 844 penitentis,
360 783 460 830 ahsente
470 783 595 842 periculo,
607 782 719 830 iacienda
730 783 835 840 forensi
845 783 970 842 judicetur
980 795 1029 831 uon
1037 782 1160 845 iacienda,
1171 795 1226 845 pre·

174 891 177 898 .
197 853 288 906 nitenti
299 851 548 909 dicendum‚uuttam
567 849 859 921 monumentumque
877 853 924 914 stt.
941 850 1150 908 circumstantiam
1169 865 1224 902 essu

198 919 478 990 decorandam[26t.o
487 911 507 986 1,
556 989 560 1001 J
1210 957 1211 960 ,
1254 943 1256 946 -

615 1053 758 1104 nasuta
771 1055 801 1106 tt.

240 1193 497 1284 7'21.Bsrv1rm,
506 1197 655 1288 qrrantinn
668 1193 736 1263 fieri
746 1210 860 1290 potest,
871 1193 972 1264 iuhte
982 1195 1113 1265 materia
1125 1197 1221 1294 poeni·

195 1305 292 1364 tentes
310 1305 381 1357 sunt
398 1288 628 1382 interrogandi,
650 1288 824 1382 prasertim
843 1289 871 1357 si
892 1290 1025 1358 multum
1048 1285 1222 1370 habituali-

194 1399 242 1452 ter
255 1400 410 1454 tententur
418 1415 435 1463 ς.
443 1400 473 1452 et
487 1384 513 1452 si
531 1383 749 1477 aliquomodo
762 1400 964 1474 cognoscatur
978 1385 1117 1472 (verbis.
1131 1387 1223 1455 moti·

193 1478 265 1561 bus,
274 1481 367 1564 ete),
383 1478 466 1571 quud
477 1478 530 1546 hic
545 1495 574 1548 et
585 1505 678 1562 nuuc,
690 1479 860 1558 sistendum
868 1475 930 1574 pru*
938 1495 1090 1575 ternpore,
1104 1481 1145 1550 ad
1160 1481 1221 1550 alia

143 1603 147 1606 ·
191 1575 390 1656 transeundo,
405 1574 613 1668 monendique
627 1589 661 1643 ut
674 1581 811 1651 mentem
824 1575 865 1644 ad
878 1575 984 1644 Deum
999 1575 1134 1658 elevent;
1151 1598 1221 1737 <fue

191 1665 529 1757 ininterrogationibus
538 1668 725 1764 interruptio
734 1669 902 1748 consulitur
910 1667 1064 1750 ordinarie
1072 1674 1143 1737 erim
1169 1697 1221 1740 ou·

191 1761 273 1852 giori
286 1778 425 1856 tempore
436 1765 549 1834 durare
564 1765 700 1848 (iubent,¹
711 1763 767 1844 sed
780 1765 907 1843 munitis
925 1764 1154 1860 poenitentibus,
1167 1791 1219 1838 eas

189 1881 254 1924 uon
269 1882 336 1924 esse
350 1857 463 1925 linitas.

233 1951 320 2020 Nota
333 1952 553 2046 1⁰Aiiquandit
564 1951 707 2022 omnibus
714 1978 772 2052 per
786 1952 976 2045 interrogata
985 1954 1122 2038 tentatis,
1139 1951 1219 2022 nihil
1293 2022 1296 2033 ,
1357 1958 1360 1980 ”

191 2047 269 2115 certi
284 2047 448 2122 invenitur.
461 2047 559 2117 Tunc
578 2048 611 2115 in
624 2073 735 2136 genere
753 2073 844 2117 omne
861 2045 1058 2116 interdicitur
1077 2045 1230 2118 iunones-v

123 2173 126 2179 ·
144 2211 167 2227 ,
189 2147 259 2210 tum
270 2195 278 2224 ,
290 2157 321 2210 et
341 2143 444 2219 omnia
461 2143 577 2232 jndicio
591 2141 654 2211 Dei
665 2141 932 2237 derelinquuntur,
945 2141 1005 2210 nisi
1019 2143 1218 2236 poenitentem

189 2253 317 2334 peccata
329 2239 459 2317 reticere
471 2239 586 2316 meritis,
595 2238 727 2349 judicet,
737 2255 791 2310 aut
800 2239 909 2320 saltem
923 2239 963 2315 de
976 2237 1035 2309 hoc
1046 2238 1218 2336 prudenter

190 2359 261 2402 eum
274 2334 445 2429 suspicetur
460 2334 682 2412 confessarius.v
831 2408 832 2411 ,
1023 2399 1026 2406 .

231 2437 264 2496 2⁰
285 2431 369 2500 Cum
382 2430 511 2500 luxuriae
525 2429 659 2525 peccatis
671 2429 805 2508 multirm
815 2427 956 2498 obruitur
969 2427 1135 2524 penitens,
1153 2452 1217 2496 non

188 2526 289 2598 solum
302 2529 453 2619 juvandus
462 2544 507 2600 est
517 2525 750 2608 inaccusatione
761 2525 834 2606 ;,sed
845 2526 915 2594 cirin
927 2550 1072 2618 magnam
1083 2523 1216 2598 ostendit

188 2621 421 2702 difficultatem,
436 2647 493 2716 per
509 2619 766 2714 interrogationes
788 2619 930 2690 facienda
945 2636 990 2699 est
1004 2619 1038 2688 iu
1052 2617 1111 2688 hac
1125 2635 1215 2714 parte
1273 2681 1276 2686 .

188 2716 256 2808 ejus
271 2716 434 2798 confessio.
1020 2775 1024 2783 .
1066 2753 1068 2759 ·

230 2813 265 2876 3⁰
278 2809 397 2881 Puellae
411 2810 584 2880 confitendo
598 2809 775 2906 amplexus,
787 2810 903 2894 oscula,
920 2825 994 2893 ete,
1010 2835 1079 2904 quae
1098 2808 1214 2908 permi-

187 2924 312 2991 serunt,
335 2933 398 2976 non
420 2909 495 2978 rari)
521 2905 607 2975 aiunt
625 2906 818 2975 mendaciter
841 2932 875 2976 se
896 2905 1019 2974 sortiter
1043 2903 1211 2973 obstitisse.
1248 2949 1252 2954 -
1308 2921 1310 2925 ’

186 3001 263 3094 Etye
294 3008 402 3073 eontra
422 3003 534 3102 alique
559 3029 596 3073 ex
614 3001 813 3100 simplicitate
836 3003 1019 3080 confitentur
1041 2998 1127 3094 quod
1146 3023 1212 3066 aru·

185 3099 312 3194 plexus,
335 3118 415 3186 ete,
439 3098 654 3196 permiserint,
678 3127 749 3177 cum
772 3097 962 3174 sufficienter
982 3113 1087 3166 tamen
1108 3093 1210 3163 obsti-

186 3209 293 3263 terrui.

229 3289 452 3382 L⁰Optandum
467 3290 551 3383 quiid
561 3289 765 3357 confessarius
779 3303 1010 3381 praecognoscat
1030 3283 1099 3354 vitii
1109 3283 1210 3381 turpis

187 3381 221 3449 in
232 3381 302 3459 loco
316 3383 369 3451 ubi
386 3385 473 3450 audit
490 3383 709 3463 confessiones,
725 3399 903 3474 regnantem
918 3382 1079 3451 audaciam
1095 3379 1145 3448 vei
1159 3382 1231 3448 οε-ν

187 3475 353 3548 euitantem
370 3503 403 3558 se
417 3475 640 3570 turpitudinem
653 3508 660 3554 ;
680 3480 742 3570 quir
752 3515 754 3534 ι
763 3475 844 3544 enirn
855 3477 978 3566 vrnajuri
994 3477 1027 3545 in
1041 3475 1209 3572 opprobrio

186 3589 233 3642 est
247 3573 372 3668 publica
384 3573 482 3650 libido
497 3589 527 3642 et
541 3578 602 3682 qui)
618 3573 730 3655 rarior,
748 3578 784 3642 et>
798 3575 877 3665 saepi
889 3570 1209 3666 frequentiorsecreta

185 3684 217 3740 et
229 3669 381 3752 solitaria,
393 3676 491 3762 eique
507 3669 628 3737 facilius
641 3669 674 3736 in
685 3668 875 3736 confessione
889 3685 1014 3763 peccata
1028 3668 1205 3742 reticentur.
1224 3749 1225 3752 Ἴ

184 3760 251 3832 Ubi
263 3790 334 3834 rara
347 3764 512 3834 fornicatio
526 3781 556 3834 et
571 3765 692 3844 castitas
704 3763 838 3832 multiuu
854 3762 888 3831 in
902 3763 1008 3846 laude,
1020 3763 1130 3859 puellae
1148 3762 1207 3838 diis

184 3857 295 3966 (icilius
309 3861 466 3960 simplices
488 3860 647 3954 amplexus
675 3861 856 3936 confitentur
875 3861 1058 3950 quamnim
1074 3857 1206 3928 fornica·

183 3965 292 4026 nones.
545 3987 556 4000 ·
614 3975 617 3982 '
723 3971 727 3977 '
783 3991 790 4000 -
868 3993 878 4004 -
