2926 4680
213 454 217 466 ¹
350 459 352 463 ι
524 375 851 466 Ιινυῑιττίὶιινιιηωι.
1135 375 1220 474 ,last

176 535 178 538 .
196 469 273 542 liam
286 472 491 570 conjugalem,
508 489 572 556 aut,
595 477 636 544 ad
663 475 771 570 prolis,
783 475 1088 570 procreationemad
1108 478 1221 548 bonum

195 594 369 651 commune,
380 596 488 665 pacem
499 570 700 654 familiarum,
713 588 786 655 etc,
798 571 890 640 valde
901 571 1130 670 conducentem,
1147 591 1219 657 etet,

193 666 367 734 necessaria
380 665 420 735 sit
432 667 552 760 petitio.
770 685 771 690 ’

235 851 308 951 876.
333 859 397 944 Sed
409 860 448 928 ad
461 859 665 943 reddendum,
682 861 775 929 etiam
785 857 1004 944 solbm't'acitc,
1020 861 1114 938 modi)
1129 863 1222 931 ratic-

192 954 336 1024 na'biliter
348 956 475 1050 potenti,
492 953 621 1049 obligat,
636 957 693 1024 sub
707 955 794 1048 gravi
806 983 843 1026 ex
856 983 969 1051 genere
982 984 1050 1026 suo.
1149 959 1153 972 '

234 1051 346 1120 Tacite
371 1067 475 1119 autem
490 1052 567 1146 petit
581 1052 635 1145 qui
652 1051 699 1134 (ut
713 1052 824 1144 aliquae
839 1052 996 1135 mulieres,
1020 1047 1120 1122 raribs
1143 1053 1219 1140 viri)

172 1151 334 1238 ''expresse
354 1162 460 1241 petere
474 1149 538 1214 non
550 1146 678 1228 audens,
703 1172 792 1220 suam
805 1146 993 1216 volunlatem
1018 1150 1116 1242 aperit
1130 1148 1220 1242 signo
1308 1180 1314 1189 ·

190 1241 294 1333 aliquo
310 1269 346 1310 ex
361 1268 423 1334 quo
437 1243 515 1311 alter
529 1245 639 1332 conjux
655 1268 723 1309 eam
737 1269 798 1310 non
810 1244 938 1312 difficile
953 1245 1091 1336 conjicit.
1142 1279 1144 1291 ·

230 1338 291 1404 Ast
307 1364 363 1431 per
372 1338 557 1431 petitionem
569 1336 753 1426 intelligitur
767 1338 817 1407 htc
831 1339 939 1432 petitio
954 1340 1051 1408 debiti
1066 1357 1100 1408 ut
1119 1341 1163 1422 rei
1180 1367 1218 1409 ex

188 1429 305 1520 justitia
327 1433 451 1514 debitae,
479 1459 534 1500 seu
558 1433 709 1522 rigorem,
732 1458 794 1499 non
821 1433 1004 1528 simpliciter
1030 1433 1216 1509 amicabilis,

186 1524 312 1615 'qualem
333 1525 408 1594 facit
428 1527 544 1595 amicus
567 1526 621 1621 qui
639 1527 679 1593 ab
701 1527 803 1594 amico
822 1527 899 1622 petit
921 1529 1009 1621 quod
1027 1543 1072 1596 est
1092 1527 1217 1598 aliubd'e

171 1620 339 1704 debitum,
355 1623 410 1692 sed
423 1622 530 1691 nolens
546 1624 580 1690 in
591 1623 696 1712 rigore
707 1623 861 1714 obligare;
880 1637 910 1692 et
923 1625 994 1712 talis
1006 1625 1156 1692 censenda
1172 1640 1218 1692 est
1242 1687 1244 1693 Α

187 1716 295 1808 petitio
315 1743 360 1784 ex·
372 1735 462 1810 parte
477 1716 556 1798 viri,
573 1723 644 1785 cum
657 1745 720 1784 non
733 1723 815 1809 aegr'e
830 1719 891 1786 lert
905 1719 1078 1813 repulsam,
1100 1735 1152 1786 aut
1171 1745 1218 1786 re·

187 1808 280 1876 misse
295 1811 386 1916 petit,
404 1811 524 1880 etiamsi
537 1838 615 1880 uxor
628 1812 689 1904 ipsi
706 1812 872 1906 exprobret
895 1815 992 1882 amice
1008 1839 1095 1880 suam
1107 1813 1217 1882 inteut-

187 1918 371 1995 peranttam.
684 1983 686 1987 Ι
916 1985 918 1991 ¹

228 1997 309 2065 Item
325 1998 353 2066 si
374 2025 451 2068 uxor
468 1997 652 2093 simpliciter
672 1999 815 2080 differat,
833 1998 930 2066 modb
945 2015 1051 2066 tamen
1065 1993 1167 2066 iubis
1187 2017 1217 2068 et

186 2091 340 2162 similibus
357 2095 477 2162 casibus
495 2095 575 2163 absit
588 2094 762 2188 periculum
778 2093 1016 2160 incontinentiae.

227 2188 324 2257 Ratio
344 2189 456 2258 horum
479 2206 526 2258 est
550 2192 634 2284 qubd
659 2191 698 2259 de
720 2189 826 2258 debito
847 2188 1000 2292 conjugali
1015 2187 1162 2272 sit,sicut
1176 2190 1215 2258 d'e
1264 2197 1266 2202 ’
1361 2281 1368 2290 ἢ

185 2283 255 2351 aliis
269 2284 394 2375 justitiae
409 2285 523 2353 debitis
540 2285 797 2352 ratiocinandum.
947 2361 953 2373 ⁹

228 2379 293 2448 Sed
320 2381 386 2448 baec
411 2407 474 2456 nou
498 2381 629 2449 dicenda
658 2381 806 2448 vicissim.
833 2380 919 2449 Nam
935 2379 1098 2461 mulieres,
1122 2380 1214 2448 eliani

184 2481 298 2570 parlim
316 2477 463 2573 repulsae,
485 2499 549 2572 prae
564 2476 750 2545 verecundia
769 2475 923 2544 ordinarie
940 2501 1053 2567 urgere
1077 2501 1139 2542 non
1155 2501 1214 2542 au-

184 2573 269 2641 dent.
694 2653 695 2658 ¹
902 2635 905 2642 ,

226 2668 319 2736 Absit
333 2682 438 2738 tam'en
449 2684 485 2736 ut
499 2670 539 2737 ab
550 2667 634 2737 omni
648 2669 739 2762 culpa
755 2679 935 2736 excusentur
948 2679 1059 2733 uxores
1071 2691 1139 2758 quae
1150 2691 1214 2734 non

184 2763 355 2832 concedunt
363 2765 440 2832 viris
452 2764 544 2832 etiam
554 2763 682 2841 remisse
693 2763 876 2855 petentibus.

224 2857 294 2927 Nee
307 2865 326 2928 a
339 2858 443 2951 gravi,
457 2859 513 2928 dia
527 2859 635 2928 saltem
650 2858 871 2942 excusabuntur
884 2881 953 2947 quae
966 2856 1134 2924 concedunt
1147 2855 1217 2948 qui-²

184 2955 272 3034 dem,
288 2957 344 3024 sed
361 2979 424 3024 non
442 2956 502 3024 nisi
516 2957 604 3049 quasi
621 2959 741 3031 coacte,
757 2952 834 3021 viris
856 2949 933 3018 dure
950 2967 980 3019 et
994 2951 1212 3020 contumeliose

183 3077 253 3120 suas
268 3054 430 3147 petitiones
449 3055 687 3147 exprobrantes,
703 3049 784 3117 unde
803 3049 883 3115 litut
901 3047 933 3112 hi
950 3064 1055 3140 petere
1073 3047 1213 3122 ferlenon

184 3149 326 3231 audeant,
341 3149 495 3218 abstinere
505 3148 655 3215 malentes
668 3150 762 3239 quam
775 3145 819 3211 ita
831 3142 912 3210 male
929 3141 1048 3236 accipi(
1069 3144 1095 3226 ).

224 3242 268 3311 Et
281 3243 492 3335 objurganda,
506 3247 648 3337 saepeque
661 3241 809 3334 graviter,
824 3265 892 3332 quae
904 3239 1073 3306 concedunt
1085 3237 1211 3330 quidem

184 3336 250 3407 sine
273 3338 537 3431 objurgationibus
548 3392 555 3419 ‚
568 3338 623 3404 sed
638 3358 759 3430 semper
770 3333 873 3402 invitae
889 3350 920 3402 et
937 3359 1006 3400 cum
1017 3331 1176 3411 moestitia,
1191 3336 1211 3400 a

183 3433 276 3518 viris,
298 3439 446 3528 quantiam
470 3448 614 3529 possunt,
635 3430 835 3500 declinantes.
861 3429 963 3496 Grato
993 3427 1074 3494 enim
1093 3426 1208 3509 auimo,
1224 3444 1233 3458 ”

182 3531 285 3625 inquit
297 3531 446 3607 salesius,
462 3545 497 3596 ut
507 3529 568 3596 alia
579 3528 694 3606 debita,
709 3526 792 3593 istud
806 3524 999 3592 solvendum.
1095 3525 1098 3531 ’

224 3629 385 3698 Conclude
408 3625 543 3718 graviter
564 3648 692 3718 peccare
715 3620 769 3714 qui
782 3619 1020 3714 pollutionibus,
1037 3617 1208 3699 adulteriis,

187 3724 382 3794 ebrietatibus
396 3737 448 3788 aut
460 3717 635 3787 indiscretis
644 3715 900 3784 macerationibus
921 3713 1052 3781 reddunt
1065 3737 1098 3780 se
1112 3710 1210 3804 impo·

182 3835 280 3891 tentes
295 3852 303 3896 3
324 3834 356 3887 et
366 3816 474 3886 saltem
491 3813 651 3883 venialiter
664 3836 775 3881 uxores
789 3835 857 3904 quae
871 3833 927 3904 per
941 3805 1141 3876 abstinentias
1159 3805 1209 3870 in-

183 3914 331 3992 discretas
340 3912 473 3982 reddunt
485 3936 521 3985 se
529 3907 690 3983 difformes
701 3923 730 3975 ct
738 3905 859 3981 maritis
871 3929 988 3980 exosas.
1001 3897 1133 4051 Quinapt
1150 3899 1209 3968 ltoe'
1265 3979 1271 3989 Ι

285 4012 302 4045 2
504 4042 506 4046 ,
