<?xml version="1.0" encoding="UTF-8"?>
<!DOCTYPE html PUBLIC "-//W3C//DTD XHTML 1.0 Transitional//EN"
    "http://www.w3.org/TR/xhtml1/DTD/xhtml1-transitional.dtd">
<html xmlns="http://www.w3.org/1999/xhtml" xml:lang="en" lang="en">
 <head>
  <title>
</title>
<meta http-equiv="Content-Type" content="text/html;charset=utf-8" />
  <meta name='ocr-system' content='tesseract 3.04.00' />
  <meta name='ocr-capabilities' content='ocr_page ocr_carea ocr_par ocr_line ocrx_word'/>
</head>
<body>
  <div class='ocr_page' id='page_1' title='image "./theologiapracti01verngoog_0177.png"; bbox 0 0 2974 4678; ppageno 0'>
   <div class='ocr_carea' id='block_1_1' title="bbox 137 347 1320 2244">
    <p class='ocr_par' dir='ltr' id='par_1_1' title="bbox 137 347 1061 432">
     <span class='ocr_line' id='line_1_1' title="bbox 137 347 1061 432; baseline 0.004 -18"><span class='ocrx_word' id='word_1_1' title='bbox 137 355 139 358; x_wconf 82' lang='grc'><strong>’</strong></span> <span class='ocrx_word' id='word_1_2' title='bbox 164 385 173 414; x_wconf 78' lang='grc'><strong>.</strong></span> <span class='ocrx_word' id='word_1_3' title='bbox 287 347 352 416; x_wconf 79' lang='lat' dir='ltr'><strong>rili</strong></span> <span class='ocrx_word' id='word_1_4' title='bbox 442 397 462 410; x_wconf 89' lang='grc'><strong>.-</strong></span> <span class='ocrx_word' id='word_1_5' title='bbox 486 409 492 415; x_wconf 89' lang='grc'>.</span> <span class='ocrx_word' id='word_1_6' title='bbox 515 368 585 420; x_wconf 79' lang='lat' dir='ltr'><strong>nn</strong></span> <span class='ocrx_word' id='word_1_7' title='bbox 606 365 798 432; x_wconf 68' lang='lat' dir='ltr'><strong>sunnine</strong></span> <span class='ocrx_word' id='word_1_8' title='bbox 821 357 1061 421; x_wconf 75' lang='lat' dir='ltr'><strong>n&#39;nnncnn&#39;ro</strong></span> 
     </span>
    </p>

    <p class='ocr_par' dir='ltr' id='par_1_2' title="bbox 139 435 1314 1025">
     <span class='ocr_line' id='line_1_2' title="bbox 139 435 1311 545; baseline 0 -25"><span class='ocrx_word' id='word_1_9' title='bbox 139 459 141 462; x_wconf 80' lang='grc'><strong>’</strong></span> <span class='ocrx_word' id='word_1_10' title='bbox 275 435 330 545; x_wconf 57' lang='lat' dir='ltr'><strong>Pjos</strong></span> <span class='ocrx_word' id='word_1_11' title='bbox 345 456 489 522; x_wconf 86' lang='lat' dir='ltr'><strong>strictum</strong></span> <span class='ocrx_word' id='word_1_12' title='bbox 499 451 687 520; x_wconf 82' lang='lat' dir='ltr'><strong>nonhaheat</strong></span> <span class='ocrx_word' id='word_1_13' title='bbox 696 452 894 532; x_wconf 81' lang='lat' dir='ltr'><strong>proximum,</strong></span> <span class='ocrx_word' id='word_1_14' title='bbox 913 449 948 520; x_wconf 91' lang='lat' dir='ltr'><strong>id</strong></span> <span class='ocrx_word' id='word_1_15' title='bbox 963 447 1009 521; x_wconf 84' lang='lat' dir='ltr'><strong>est</strong></span> <span class='ocrx_word' id='word_1_16' title='bbox 1026 453 1060 520; x_wconf 87' lang='lat' dir='ltr'><strong>in</strong></span> <span class='ocrx_word' id='word_1_17' title='bbox 1074 475 1109 520; x_wconf 83' lang='lat' dir='ltr'><strong>re</strong></span> <span class='ocrx_word' id='word_1_18' title='bbox 1122 444 1311 530; x_wconf 79' lang='lat' dir='ltr'><strong>vei&#39;adrcm,</strong></span> 
     </span>
     <span class='ocr_line' id='line_1_3' title="bbox 279 547 1314 644; baseline -0.001 -25"><span class='ocrx_word' id='word_1_19' title='bbox 279 549 334 619; x_wconf 87' lang='lat' dir='ltr'><strong>sed</strong></span> <span class='ocrx_word' id='word_1_20' title='bbox 348 547 452 618; x_wconf 76' lang='lat' dir='ltr'><strong>solum</strong></span> <span class='ocrx_word' id='word_1_21' title='bbox 466 565 637 631; x_wconf 87' lang='lat' dir='ltr'><strong>remotum,</strong></span> <span class='ocrx_word' id='word_1_22' title='bbox 653 553 687 616; x_wconf 88' lang='lat' dir='ltr'><strong>ut</strong></span> <span class='ocrx_word' id='word_1_23' title='bbox 701 549 741 617; x_wconf 89' lang='lat' dir='ltr'><strong>ad</strong></span> <span class='ocrx_word' id='word_1_24' title='bbox 757 548 860 616; x_wconf 81' lang='lat' dir='ltr'><strong>oilicia</strong></span> <span class='ocrx_word' id='word_1_25' title='bbox 872 548 1002 644; x_wconf 82' lang='lat' dir='ltr'><strong>publica</strong></span> <span class='ocrx_word' id='word_1_26' title='bbox 1011 551 1106 634; x_wconf 82' lang='lat'>[388]</span> <span class='ocrx_word' id='word_1_27' title='bbox 1116 549 1179 634; x_wconf 81' lang='lat' dir='ltr'>(a),</span> <span class='ocrx_word' id='word_1_28' title='bbox 1194 549 1235 618; x_wconf 81' lang='lat' dir='ltr'><strong>ad</strong></span> <span class='ocrx_word' id='word_1_29' title='bbox 1247 573 1314 643; x_wconf 89' lang='lat' dir='ltr'><strong>spe-</strong></span> 
     </span>
     <span class='ocr_line' id='line_1_4' title="bbox 279 641 1313 737; baseline -0.001 -24"><span class='ocrx_word' id='word_1_30' title='bbox 279 642 612 722; x_wconf 77' lang='lat' dir='ltr'><strong>ratamhaereditatem;</strong></span> <span class='ocrx_word' id='word_1_31' title='bbox 625 642 793 737; x_wconf 79' lang='lat' dir='ltr'><strong>qui&#39;illum,</strong></span> <span class='ocrx_word' id='word_1_32' title='bbox 810 641 904 712; x_wconf 88' lang='lat' dir='ltr'><strong>eliam</strong></span> <span class='ocrx_word' id='word_1_33' title='bbox 917 642 1002 712; x_wconf 85' lang='lat' dir='ltr'><strong>malo</strong></span> <span class='ocrx_word' id='word_1_34' title='bbox 1017 645 1131 712; x_wconf 84' lang='lat' dir='ltr'><strong>affectu</strong></span> <span class='ocrx_word' id='word_1_35' title='bbox 1142 641 1199 730; x_wconf 85' lang='lat' dir='ltr'>(b),</span> <span class='ocrx_word' id='word_1_36' title='bbox 1211 641 1313 712; x_wconf 68' lang='lat' dir='ltr'><strong>italis</strong></span> 
     </span>
     <span class='ocr_line' id='line_1_5' title="bbox 279 738 1312 834; baseline 0.002 -28"><span class='ocrx_word' id='word_1_37' title='bbox 279 738 579 814; x_wconf 87' lang='lat' dir='ltr'><strong>boniconsecutione</strong></span> <span class='ocrx_word' id='word_1_38' title='bbox 604 739 735 834; x_wconf 87' lang='lat' dir='ltr'><strong>impedit</strong></span> <span class='ocrx_word' id='word_1_39' title='bbox 745 792 759 831; x_wconf 25' lang='grc' dir='ltr'><strong>,Ι</strong></span> <span class='ocrx_word' id='word_1_40' title='bbox 782 764 845 806; x_wconf 94' lang='lat' dir='ltr'><strong>non</strong></span> <span class='ocrx_word' id='word_1_41' title='bbox 864 754 985 808; x_wconf 87' lang='lat' dir='ltr'><strong>tenetur</strong></span> <span class='ocrx_word' id='word_1_42' title='bbox 1009 739 1050 807; x_wconf 80' lang='lat' dir='ltr'><strong>ad</strong></span> <span class='ocrx_word' id='word_1_43' title='bbox 1064 739 1312 816; x_wconf 74' lang='lat' dir='ltr'><strong>·›restitutionem‚</strong></span> 
     </span>
     <span class='ocr_line' id='line_1_6' title="bbox 278 833 1314 919; baseline 0.006 -20"><span class='ocrx_word' id='word_1_44' title='bbox 278 834 340 902; x_wconf 90' lang='lat' dir='ltr'><strong>nisi</strong></span> <span class='ocrx_word' id='word_1_45' title='bbox 349 835 393 919; x_wconf 85' lang='lat' dir='ltr'><strong>vi,</strong></span> <span class='ocrx_word' id='word_1_46' title='bbox 407 835 534 914; x_wconf 78' lang='lat' dir='ltr'><strong>fraude,</strong></span> <span class='ocrx_word' id='word_1_47' title='bbox 553 833 626 904; x_wconf 90' lang='lat' dir='ltr'><strong>dolo</strong></span> <span class='ocrx_word' id='word_1_48' title='bbox 637 883 644 912; x_wconf 83' lang='lat'>‚</span> <span class='ocrx_word' id='word_1_49' title='bbox 656 835 838 915; x_wconf 78' lang='lat' dir='ltr'><strong>mendacio,</strong></span> <span class='ocrx_word' id='word_1_50' title='bbox 852 834 1058 914; x_wconf 84' lang='lat' dir='ltr'><strong>detractione,</strong></span> <span class='ocrx_word' id='word_1_51' title='bbox 1075 834 1183 904; x_wconf 82' lang='lat' dir='ltr'><strong>aliisve</strong></span> <span class='ocrx_word' id='word_1_52' title='bbox 1202 835 1314 906; x_wconf 86' lang='lat' dir='ltr'><strong>mediis</strong></span> 
     </span>
     <span class='ocr_line' id='line_1_7' title="bbox 279 929 1279 1025; baseline 0.006 -29"><span class='ocrx_word' id='word_1_53' title='bbox 279 929 400 1018; x_wconf 87' lang='lat' dir='ltr'><strong>injustis</strong></span> <span class='ocrx_word' id='word_1_54' title='bbox 409 929 601 1025; x_wconf 86' lang='lat' dir='ltr'><strong>impedierit.</strong></span> <span class='ocrx_word' id='word_1_55' title='bbox 1275 999 1279 1002; x_wconf 74' lang='grc'>,</span> 
     </span>
    </p>

    <p class='ocr_par' dir='ltr' id='par_1_3' title="bbox 320 1019 1314 1135">
     <span class='ocr_line' id='line_1_8' title="bbox 320 1019 1314 1135; baseline 0 -41"><span class='ocrx_word' id='word_1_56' title='bbox 320 1023 358 1094; x_wconf 92' lang='lat' dir='ltr'><strong>ln</strong></span> <span class='ocrx_word' id='word_1_57' title='bbox 380 1025 480 1135; x_wconf 76' lang='lat' dir='ltr'><strong>priori</strong></span> <span class='ocrx_word' id='word_1_58' title='bbox 503 1025 586 1094; x_wconf 87' lang='lat' dir='ltr'><strong>enim</strong></span> <span class='ocrx_word' id='word_1_59' title='bbox 607 1051 680 1094; x_wconf 80' lang='lat' dir='ltr'><strong>casu</strong></span> <span class='ocrx_word' id='word_1_60' title='bbox 693 1027 813 1095; x_wconf 90' lang='lat' dir='ltr'><strong>nullum</strong></span> <span class='ocrx_word' id='word_1_61' title='bbox 836 1034 902 1118; x_wconf 86' lang='lat' dir='ltr'><strong>ejus</strong></span> <span class='ocrx_word' id='word_1_62' title='bbox 925 1025 1022 1105; x_wconf 78' lang='lat' dir='ltr'><strong>riolat</strong></span> <span class='ocrx_word' id='word_1_63' title='bbox 1036 1019 1092 1115; x_wconf 72' lang='lat' dir='ltr'><strong>jus</strong></span> <span class='ocrx_word' id='word_1_64' title='bbox 1106 1029 1247 1094; x_wconf 76' lang='lat' dir='ltr'><strong>strictum</strong></span> <span class='ocrx_word' id='word_1_65' title='bbox 1258 1044 1269 1099; x_wconf 84' lang='grc'><strong>;“</strong></span> <span class='ocrx_word' id='word_1_66' title='bbox 1282 1028 1314 1094; x_wconf 92' lang='lat' dir='ltr'><strong>in</strong></span> 
     </span>
    </p>

    <p class='ocr_par' dir='ltr' id='par_1_4' title="bbox 281 1119 1314 1407">
     <span class='ocr_line' id='line_1_9' title="bbox 281 1119 1314 1216; baseline 0.002 -28"><span class='ocrx_word' id='word_1_67' title='bbox 281 1119 444 1210; x_wconf 78' lang='lat' dir='ltr'><strong>posteriori</strong></span> <span class='ocrx_word' id='word_1_68' title='bbox 454 1122 530 1207; x_wconf 74' lang='lat' dir='ltr'><strong>vend.</strong></span> <span class='ocrx_word' id='word_1_69' title='bbox 539 1119 635 1189; x_wconf 80' lang='lat' dir='ltr'><strong>violat</strong></span> <span class='ocrx_word' id='word_1_70' title='bbox 647 1121 697 1212; x_wconf 88' lang='lat' dir='ltr'><strong>jus</strong></span> <span class='ocrx_word' id='word_1_71' title='bbox 705 1120 771 1209; x_wconf 84' lang='lat' dir='ltr'><strong>ejus</strong></span> <span class='ocrx_word' id='word_1_72' title='bbox 782 1120 923 1189; x_wconf 88' lang='lat' dir='ltr'><strong>strictum</strong></span> <span class='ocrx_word' id='word_1_73' title='bbox 933 1137 1099 1212; x_wconf 84' lang='lat' dir='ltr'><strong>remotum,</strong></span> <span class='ocrx_word' id='word_1_74' title='bbox 1112 1147 1166 1190; x_wconf 90' lang='lat' dir='ltr'><strong>seu</strong></span> <span class='ocrx_word' id='word_1_75' title='bbox 1174 1123 1224 1212; x_wconf 89' lang='lat' dir='ltr'><strong>jus</strong></span> <span class='ocrx_word' id='word_1_76' title='bbox 1231 1123 1314 1216; x_wconf 87' lang='lat' dir='ltr'><strong>quod</strong></span> 
     </span>
     <span class='ocr_line' id='line_1_10' title="bbox 281 1216 1314 1314; baseline 0.007 -31"><span class='ocrx_word' id='word_1_77' title='bbox 281 1216 374 1285; x_wconf 85' lang='lat' dir='ltr'><strong>habet</strong></span> <span class='ocrx_word' id='word_1_78' title='bbox 385 1233 418 1286; x_wconf 89' lang='lat' dir='ltr'><strong>ut</strong></span> <span class='ocrx_word' id='word_1_79' title='bbox 437 1242 539 1311; x_wconf 87' lang='lat' dir='ltr'><strong>neque</strong></span> <span class='ocrx_word' id='word_1_80' title='bbox 558 1219 643 1314; x_wconf 85' lang='lat' dir='ltr'><strong>ipse,</strong></span> <span class='ocrx_word' id='word_1_81' title='bbox 658 1243 759 1311; x_wconf 86' lang='lat' dir='ltr'><strong>neque</strong></span> <span class='ocrx_word' id='word_1_82' title='bbox 770 1218 828 1304; x_wconf 85' lang='lat' dir='ltr'><strong>ille</strong></span> <span class='ocrx_word' id='word_1_83' title='bbox 844 1223 864 1286; x_wconf 76' lang='lat' dir='ltr'><strong>d</strong></span> <span class='ocrx_word' id='word_1_84' title='bbox 879 1244 942 1312; x_wconf 91' lang='lat' dir='ltr'><strong>quo</strong></span> <span class='ocrx_word' id='word_1_85' title='bbox 959 1235 1082 1314; x_wconf 79' lang='lat' dir='ltr'><strong>sperat,</strong></span> <span class='ocrx_word' id='word_1_86' title='bbox 1098 1222 1156 1288; x_wconf 74' lang='lat' dir='ltr'><strong>sud</strong></span> <span class='ocrx_word' id='word_1_87' title='bbox 1170 1219 1314 1290; x_wconf 83' lang='lat' dir='ltr'><strong>libertate</strong></span> 
     </span>
     <span class='ocr_line' id='line_1_11' title="bbox 282 1316 431 1407; baseline 0.013 -27"><span class='ocrx_word' id='word_1_88' title='bbox 282 1316 431 1407; x_wconf 85' lang='lat' dir='ltr'><strong>privetur.</strong></span> 
     </span>
    </p>

    <p class='ocr_par' dir='ltr' id='par_1_5' title="bbox 281 1407 1320 1688">
     <span class='ocr_line' id='line_1_12' title="bbox 321 1407 1314 1506; baseline 0.001 -31"><span class='ocrx_word' id='word_1_89' title='bbox 321 1407 492 1479; x_wconf 84' lang='lat' dir='ltr'><strong>Restitutio</strong></span> <span class='ocrx_word' id='word_1_90' title='bbox 505 1425 578 1484; x_wconf 83' lang='lat' dir='ltr'><strong>tunc</strong></span> <span class='ocrx_word' id='word_1_91' title='bbox 588 1409 731 1492; x_wconf 67' lang='lat' dir='ltr'><strong>facienda</strong></span> <span class='ocrx_word' id='word_1_92' title='bbox 745 1425 791 1479; x_wconf 87' lang='lat' dir='ltr'><strong>est</strong></span> <span class='ocrx_word' id='word_1_93' title='bbox 800 1435 861 1506; x_wconf 87' lang='lat' dir='ltr'><strong>pro</strong></span> <span class='ocrx_word' id='word_1_94' title='bbox 876 1411 996 1478; x_wconf 89' lang='lat' dir='ltr'><strong>ratione</strong></span> <span class='ocrx_word' id='word_1_95' title='bbox 1012 1410 1081 1506; x_wconf 85' lang='lat' dir='ltr'><strong>spei</strong></span> <span class='ocrx_word' id='word_1_96' title='bbox 1098 1436 1193 1504; x_wconf 84' lang='lat' dir='ltr'><strong>quam</strong></span> <span class='ocrx_word' id='word_1_97' title='bbox 1210 1413 1314 1504; x_wconf 80' lang='lat' dir='ltr'><strong>irnpe-</strong></span> 
     </span>
     <span class='ocr_line' id='line_1_13' title="bbox 281 1503 1320 1601; baseline 0.001 -31"><span class='ocrx_word' id='word_1_98' title='bbox 281 1503 362 1574; x_wconf 78' lang='lat' dir='ltr'><strong>dirus</strong></span> <span class='ocrx_word' id='word_1_99' title='bbox 372 1504 507 1576; x_wconf 82' lang='lat' dir='ltr'><strong>habebat</strong></span> <span class='ocrx_word' id='word_1_100' title='bbox 516 1506 632 1576; x_wconf 89' lang='lat' dir='ltr'><strong>bonum</strong></span> <span class='ocrx_word' id='word_1_101' title='bbox 643 1506 869 1601; x_wconf 86' lang='lat' dir='ltr'><strong>consequendi,</strong></span> <span class='ocrx_word' id='word_1_102' title='bbox 885 1506 1019 1600; x_wconf 72' lang='lat' dir='ltr'><strong>indeque</strong></span> <span class='ocrx_word' id='word_1_103' title='bbox 1033 1507 1154 1574; x_wconf 88' lang='lat' dir='ltr'><strong>lucrum</strong></span> <span class='ocrx_word' id='word_1_104' title='bbox 1167 1505 1320 1588; x_wconf 25' lang='lat' dir='ltr'><strong>faciendi,-</strong></span> 
     </span>
     <span class='ocr_line' id='line_1_14' title="bbox 282 1597 1058 1688; baseline 0.009 -23"><span class='ocrx_word' id='word_1_105' title='bbox 282 1599 330 1666; x_wconf 91' lang='lat' dir='ltr'><strong>vel</strong></span> <span class='ocrx_word' id='word_1_106' title='bbox 345 1600 493 1668; x_wconf 89' lang='lat' dir='ltr'><strong>damnum</strong></span> <span class='ocrx_word' id='word_1_107' title='bbox 504 1601 663 1670; x_wconf 86' lang='lat' dir='ltr'><strong>avertendi</strong></span> <span class='ocrx_word' id='word_1_108' title='bbox 672 1603 730 1688; x_wconf 87' lang='lat' dir='ltr'><em>(c).</em></span> <span class='ocrx_word' id='word_1_109' title='bbox 1028 1597 1030 1602; x_wconf 37' lang='lat'><strong><em>¹</em></strong></span> <span class='ocrx_word' id='word_1_110' title='bbox 1053 1605 1058 1612; x_wconf 81' lang='grc'><em>’</em></span> 
     </span>
    </p>

    <p class='ocr_par' dir='ltr' id='par_1_6' title="bbox 282 1694 1316 2079">
     <span class='ocr_line' id='line_1_15' title="bbox 322 1694 1316 1791; baseline -0.001 -27"><span class='ocrx_word' id='word_1_111' title='bbox 322 1694 418 1784; x_wconf 80' lang='lat' dir='ltr'><strong>Qndd</strong></span> <span class='ocrx_word' id='word_1_112' title='bbox 432 1696 636 1790; x_wconf 87' lang='lat' dir='ltr'><strong>siimpeditus</strong></span> <span class='ocrx_word' id='word_1_113' title='bbox 644 1697 812 1791; x_wconf 84' lang='lat' dir='ltr'><strong>nequidem</strong></span> <span class='ocrx_word' id='word_1_114' title='bbox 825 1713 980 1766; x_wconf 87' lang='lat' dir='ltr'><strong>remotum</strong></span> <span class='ocrx_word' id='word_1_115' title='bbox 989 1697 1038 1786; x_wconf 85' lang='lat' dir='ltr'><strong>jus</strong></span> <span class='ocrx_word' id='word_1_116' title='bbox 1048 1699 1190 1766; x_wconf 84' lang='lat' dir='ltr'><strong>strictum</strong></span> <span class='ocrx_word' id='word_1_117' title='bbox 1200 1696 1316 1764; x_wconf 78' lang='lat' dir='ltr'><strong>imbue-</strong></span> 
     </span>
     <span class='ocr_line' id='line_1_16' title="bbox 282 1791 1315 1884; baseline 0.003 -29"><span class='ocrx_word' id='word_1_118' title='bbox 282 1791 334 1864; x_wconf 78' lang='lat' dir='ltr'><strong>rit,</strong></span> <span class='ocrx_word' id='word_1_119' title='bbox 350 1806 385 1858; x_wconf 92' lang='lat' dir='ltr'><strong>ut</strong></span> <span class='ocrx_word' id='word_1_120' title='bbox 396 1791 543 1882; x_wconf 77' lang='lat' dir='ltr'><strong>indignus</strong></span> <span class='ocrx_word' id='word_1_121' title='bbox 558 1792 598 1860; x_wconf 89' lang='lat' dir='ltr'><strong>ad</strong></span> <span class='ocrx_word' id='word_1_122' title='bbox 614 1793 809 1884; x_wconf 84' lang='lat' dir='ltr'><strong>heneficium,</strong></span> <span class='ocrx_word' id='word_1_123' title='bbox 819 1793 939 1884; x_wconf 86' lang='lat' dir='ltr'><strong>juvenis</strong></span> <span class='ocrx_word' id='word_1_124' title='bbox 952 1793 993 1861; x_wconf 82' lang='lat' dir='ltr'><strong>nd</strong></span> <span class='ocrx_word' id='word_1_125' title='bbox 1002 1791 1234 1861; x_wconf 82' lang='lat' dir='ltr'><strong>matrimonium</strong></span> <span class='ocrx_word' id='word_1_126' title='bbox 1241 1818 1315 1858; x_wconf 18' lang='lat' dir='ltr'><strong>&#39;cum</strong></span> 
     </span>
     <span class='ocr_line' id='line_1_17' title="bbox 282 1885 1315 1984; baseline 0.003 -32"><span class='ocrx_word' id='word_1_127' title='bbox 282 1885 385 1975; x_wconf 73' lang='lat' dir='ltr'><strong>puello</strong></span> <span class='ocrx_word' id='word_1_128' title='bbox 405 1912 499 1980; x_wconf 87' lang='lat' dir='ltr'><strong>qnam</strong></span> <span class='ocrx_word' id='word_1_129' title='bbox 519 1891 605 1957; x_wconf 71' lang='lat' dir='ltr'><strong>certi)</strong></span> <span class='ocrx_word' id='word_1_130' title='bbox 622 1889 759 1980; x_wconf 81' lang='lat' dir='ltr'><strong>graviter</strong></span> <span class='ocrx_word' id='word_1_131' title='bbox 781 1889 914 1984; x_wconf 78' lang='lat' dir='ltr'><strong>decipit,</strong></span> <span class='ocrx_word' id='word_1_132' title='bbox 936 1887 1099 1959; x_wconf 80' lang='lat' dir='ltr'><strong>restituere</strong></span> <span class='ocrx_word' id='word_1_133' title='bbox 1118 1914 1181 1956; x_wconf 91' lang='lat' dir='ltr'><strong>non</strong></span> <span class='ocrx_word' id='word_1_134' title='bbox 1196 1902 1315 1956; x_wconf 85' lang='lat' dir='ltr'><strong>tenetur</strong></span> 
     </span>
     <span class='ocr_line' id='line_1_18' title="bbox 282 1984 1315 2079; baseline -0.002 -29"><span class='ocrx_word' id='word_1_135' title='bbox 282 1984 441 2072; x_wconf 77' lang='lat' dir='ltr'><strong>(quamvis</strong></span> <span class='ocrx_word' id='word_1_136' title='bbox 455 1984 593 2074; x_wconf 74' lang='lat' dir='ltr'><strong>graviter</strong></span> <span class='ocrx_word' id='word_1_137' title='bbox 606 2002 713 2079; x_wconf 87' lang='lat' dir='ltr'><strong>peccet</strong></span> <span class='ocrx_word' id='word_1_138' title='bbox 727 1988 845 2078; x_wconf 74' lang='lat' dir='ltr'><strong>saepe),</strong></span> <span class='ocrx_word' id='word_1_139' title='bbox 860 1987 914 2078; x_wconf 90' lang='lat' dir='ltr'><strong>qui</strong></span> <span class='ocrx_word' id='word_1_140' title='bbox 927 2011 998 2054; x_wconf 85' lang='lat' dir='ltr'><strong>eum</strong></span> <span class='ocrx_word' id='word_1_141' title='bbox 1010 1989 1030 2052; x_wconf 75' lang='grc' dir='ltr'>ὲ</span> <span class='ocrx_word' id='word_1_142' title='bbox 1040 1984 1112 2054; x_wconf 85' lang='lat' dir='ltr'><strong>talis</strong></span> <span class='ocrx_word' id='word_1_143' title='bbox 1123 1985 1197 2052; x_wconf 90' lang='lat' dir='ltr'><strong>boni</strong></span> <span class='ocrx_word' id='word_1_144' title='bbox 1213 2010 1315 2052; x_wconf 63' lang='lat' dir='ltr'><strong>conse</strong></span> 
     </span>
    </p>

    <p class='ocr_par' dir='ltr' id='par_1_7' title="bbox 245 2079 1314 2244">
     <span class='ocr_line' id='line_1_19' title="bbox 245 2079 1314 2177; baseline 0.001 -32"><span class='ocrx_word' id='word_1_145' title='bbox 245 2111 248 2119; x_wconf 61' lang='lat'>=</span> <span class='ocrx_word' id='word_1_146' title='bbox 282 2079 402 2148; x_wconf 80' lang='lat' dir='ltr'><strong>cutione</strong></span> <span class='ocrx_word' id='word_1_147' title='bbox 421 2081 525 2173; x_wconf 85' lang='lat' dir='ltr'><strong>privat</strong></span> <span class='ocrx_word' id='word_1_148' title='bbox 548 2081 661 2154; x_wconf 87' lang='lat' dir='ltr'><strong>mediis</strong></span> <span class='ocrx_word' id='word_1_149' title='bbox 686 2082 786 2153; x_wconf 78' lang='lat' dir='ltr'><strong>etiam</strong></span> <span class='ocrx_word' id='word_1_150' title='bbox 806 2081 946 2170; x_wconf 87' lang='lat' dir='ltr'><strong>injustis..</strong></span> <span class='ocrx_word' id='word_1_151' title='bbox 966 2080 1043 2152; x_wconf 90' lang='lat' dir='ltr'><strong>Non</strong></span> <span class='ocrx_word' id='word_1_152' title='bbox 1060 2080 1202 2177; x_wconf 80' lang='lat' dir='ltr'><strong>enimjus</strong></span> <span class='ocrx_word' id='word_1_153' title='bbox 1216 2080 1314 2147; x_wconf 82' lang='lat' dir='ltr'><strong>ullum</strong></span> 
     </span>
     <span class='ocr_line' id='line_1_20' title="bbox 283 2173 574 2244; baseline 0.003 -4"><span class='ocrx_word' id='word_1_154' title='bbox 283 2173 375 2244; x_wconf 85' lang='lat' dir='ltr'><strong>habet</strong></span> <span class='ocrx_word' id='word_1_155' title='bbox 389 2176 431 2242; x_wconf 85' lang='lat' dir='ltr'><strong>ad</strong></span> <span class='ocrx_word' id='word_1_156' title='bbox 444 2175 574 2244; x_wconf 87' lang='lat' dir='ltr'><strong>malum.</strong></span> 
     </span>
    </p>
   </div>
   <div class='ocr_carea' id='block_1_2' title="bbox 206 2307 1421 4023">
    <p class='ocr_par' dir='ltr' id='par_1_8' title="bbox 281 2307 1315 2508">
     <span class='ocr_line' id='line_1_21' title="bbox 314 2307 1314 2374; baseline 0 -16"><span class='ocrx_word' id='word_1_157' title='bbox 314 2308 351 2374; x_wconf 85' lang='grc' dir='ltr'><strong>(α)</strong></span> <span class='ocrx_word' id='word_1_158' title='bbox 364 2309 497 2358; x_wconf 77' lang='lat' dir='ltr'><strong>sonaliter</strong></span> <span class='ocrx_word' id='word_1_159' title='bbox 508 2310 546 2358; x_wconf 86' lang='lat' dir='ltr'><strong>est</strong></span> <span class='ocrx_word' id='word_1_160' title='bbox 556 2309 651 2368; x_wconf 78' lang='lat' dir='ltr'><strong>dejure</strong></span> <span class='ocrx_word' id='word_1_161' title='bbox 663 2311 693 2358; x_wconf 82' lang='lat' dir='ltr'><strong>nd</strong></span> <span class='ocrx_word' id='word_1_162' title='bbox 705 2311 797 2358; x_wconf 81' lang='lat' dir='ltr'><strong>bonum</strong></span> <span class='ocrx_word' id='word_1_163' title='bbox 809 2307 909 2369; x_wconf 77' lang='lat' dir='ltr'><strong>aliquod</strong></span> <span class='ocrx_word' id='word_1_164' title='bbox 920 2320 1059 2367; x_wconf 83' lang='lat' dir='ltr'><strong>commune,</strong></span> <span class='ocrx_word' id='word_1_165' title='bbox 1071 2309 1135 2369; x_wconf 91' lang='lat' dir='ltr'><strong>quod</strong></span> <span class='ocrx_word' id='word_1_166' title='bbox 1144 2310 1314 2371; x_wconf 67' lang='lat' dir='ltr'><strong>estprineire·</strong></span> 
     </span>
     <span class='ocr_line' id='line_1_22' title="bbox 281 2373 1314 2440; baseline -0.001 -14"><span class='ocrx_word' id='word_1_167' title='bbox 281 2378 342 2426; x_wconf 84' lang='lat' dir='ltr'><strong>liter</strong></span> <span class='ocrx_word' id='word_1_168' title='bbox 351 2377 494 2431; x_wconf 85' lang='lat' dir='ltr'><strong>institutum</strong></span> <span class='ocrx_word' id='word_1_169' title='bbox 506 2373 679 2436; x_wconf 73' lang='lat' dir='ltr'><strong>inutilitatem</strong></span> <span class='ocrx_word' id='word_1_170' title='bbox 692 2379 858 2436; x_wconf 77' lang='lat' dir='ltr'><strong>singulorum,</strong></span> <span class='ocrx_word' id='word_1_171' title='bbox 867 2378 896 2426; x_wconf 85' lang='lat' dir='ltr'><strong>ut</strong></span> <span class='ocrx_word' id='word_1_172' title='bbox 907 2378 938 2425; x_wconf 81' lang='lat' dir='ltr'><strong>ad</strong></span> <span class='ocrx_word' id='word_1_173' title='bbox 948 2377 1063 2426; x_wconf 84' lang='lat' dir='ltr'><strong>aerarium</strong></span> <span class='ocrx_word' id='word_1_174' title='bbox 1071 2377 1209 2440; x_wconf 83' lang='lat' dir='ltr'><strong>publicum,</strong></span> <span class='ocrx_word' id='word_1_175' title='bbox 1221 2381 1252 2427; x_wconf 83' lang='lat' dir='ltr'><strong>ad</strong></span> <span class='ocrx_word' id='word_1_176' title='bbox 1262 2381 1314 2440; x_wconf 81' lang='lat' dir='ltr'><strong>pins</strong></span> 
     </span>
     <span class='ocr_line' id='line_1_23' title="bbox 282 2445 1315 2508; baseline 0.002 -14"><span class='ocrx_word' id='word_1_177' title='bbox 282 2447 449 2503; x_wconf 77' lang='lat' dir='ltr'><strong>fundationes,</strong></span> <span class='ocrx_word' id='word_1_178' title='bbox 458 2447 489 2494; x_wconf 87' lang='lat' dir='ltr'><strong>nd</strong></span> <span class='ocrx_word' id='word_1_179' title='bbox 497 2448 630 2507; x_wconf 86' lang='lat' dir='ltr'><strong>proventus</strong></span> <span class='ocrx_word' id='word_1_180' title='bbox 641 2460 673 2494; x_wconf 87' lang='lat' dir='ltr'><strong>ex</strong></span> <span class='ocrx_word' id='word_1_181' title='bbox 683 2447 755 2496; x_wconf 87' lang='lat' dir='ltr'><strong>honis</strong></span> <span class='ocrx_word' id='word_1_182' title='bbox 764 2445 945 2500; x_wconf 76' lang='lat' dir='ltr'><strong>communibus,</strong></span> <span class='ocrx_word' id='word_1_183' title='bbox 957 2448 1017 2506; x_wconf 70' lang='lat' dir='ltr'><strong>eto,</strong></span> <span class='ocrx_word' id='word_1_184' title='bbox 1026 2446 1087 2508; x_wconf 84' lang='lat' dir='ltr'><strong>quia</strong></span> <span class='ocrx_word' id='word_1_185' title='bbox 1097 2447 1150 2496; x_wconf 79' lang='lat' dir='ltr'><strong>hec</strong></span> <span class='ocrx_word' id='word_1_186' title='bbox 1161 2449 1315 2508; x_wconf 73' lang='lat' dir='ltr'><strong>singulinde-</strong></span> 
     </span>
    </p>

    <p class='ocr_par' dir='ltr' id='par_1_9' title="bbox 264 2510 999 2575">
     <span class='ocr_line' id='line_1_24' title="bbox 264 2510 999 2575; baseline -0.007 -11"><span class='ocrx_word' id='word_1_187' title='bbox 264 2510 623 2575; x_wconf 37' lang='lat' dir='ltr'><strong>*oenmrexjusnusstnut</strong></span> <span class='ocrx_word' id='word_1_188' title='bbox 747 2519 749 2524; x_wconf 89' lang='lat'>&#39;</span> <span class='ocrx_word' id='word_1_189' title='bbox 919 2515 922 2524; x_wconf 88' lang='lat'>&#39;</span> <span class='ocrx_word' id='word_1_190' title='bbox 996 2519 999 2524; x_wconf 85' lang='grc'><strong><em>’</em></strong></span> 
     </span>
    </p>

    <p class='ocr_par' dir='ltr' id='par_1_10' title="bbox 283 2578 1314 2920">
     <span class='ocr_line' id='line_1_25' title="bbox 314 2578 1314 2646; baseline -0.007 -12"><span class='ocrx_word' id='word_1_191' title='bbox 314 2583 350 2646; x_wconf 81' lang='lat' dir='ltr'><strong>(tt</strong></span> <span class='ocrx_word' id='word_1_192' title='bbox 357 2585 398 2634; x_wconf 84' lang='lat' dir='ltr'><strong>Sic</strong></span> <span class='ocrx_word' id='word_1_193' title='bbox 408 2583 573 2632; x_wconf 82' lang='lat' dir='ltr'><strong>communiter</strong></span> <span class='ocrx_word' id='word_1_194' title='bbox 584 2578 667 2631; x_wconf 72' lang='lat' dir='ltr'><strong>contrd</strong></span> <span class='ocrx_word' id='word_1_195' title='bbox 675 2594 776 2644; x_wconf 82' lang='lat' dir='ltr'><strong>paucos,</strong></span> <span class='ocrx_word' id='word_1_196' title='bbox 787 2579 926 2644; x_wconf 70' lang='lat' dir='ltr'><strong>presertim</strong></span> <span class='ocrx_word' id='word_1_197' title='bbox 935 2583 1043 2632; x_wconf 80' lang='lat' dir='ltr'><strong>veteres.</strong></span> <span class='ocrx_word' id='word_1_198' title='bbox 1054 2582 1117 2632; x_wconf 81' lang='lat' dir='ltr'><strong>Mala</strong></span> <span class='ocrx_word' id='word_1_199' title='bbox 1129 2585 1197 2632; x_wconf 91' lang='lat' dir='ltr'><strong>enim</strong></span> <span class='ocrx_word' id='word_1_200' title='bbox 1208 2585 1314 2634; x_wconf 86' lang='lat' dir='ltr'><strong>intenlio</strong></span> 
     </span>
     <span class='ocr_line' id='line_1_26' title="bbox 283 2651 1314 2714; baseline 0.001 -13"><span class='ocrx_word' id='word_1_201' title='bbox 283 2655 379 2702; x_wconf 89' lang='lat' dir='ltr'><strong>nonest</strong></span> <span class='ocrx_word' id='word_1_202' title='bbox 388 2651 544 2711; x_wconf 67' lang='lat' dir='ltr'><strong>testudineis,</strong></span> <span class='ocrx_word' id='word_1_203' title='bbox 556 2664 603 2702; x_wconf 84' lang='lat' dir='ltr'><strong>nec</strong></span> <span class='ocrx_word' id='word_1_204' title='bbox 614 2651 674 2699; x_wconf 81' lang='lat' dir='ltr'><strong>iacit</strong></span> <span class='ocrx_word' id='word_1_205' title='bbox 685 2665 747 2712; x_wconf 88' lang='lat' dir='ltr'><strong>opus</strong></span> <span class='ocrx_word' id='word_1_206' title='bbox 766 2654 898 2701; x_wconf 83' lang='lat' dir='ltr'><strong>externum</strong></span> <span class='ocrx_word' id='word_1_207' title='bbox 909 2652 1038 2712; x_wconf 79' lang='lat' dir='ltr'><strong>injustum.</strong></span> <span class='ocrx_word' id='word_1_208' title='bbox 1056 2653 1105 2701; x_wconf 86' lang='lat' dir='ltr'><strong>Sed</strong></span> <span class='ocrx_word' id='word_1_209' title='bbox 1123 2653 1178 2701; x_wconf 82' lang='lat' dir='ltr'><strong>lieri</strong></span> <span class='ocrx_word' id='word_1_210' title='bbox 1189 2655 1270 2714; x_wconf 83' lang='lat' dir='ltr'><strong>potest</strong></span> <span class='ocrx_word' id='word_1_211' title='bbox 1286 2656 1314 2702; x_wconf 85' lang='lat' dir='ltr'><strong>ut</strong></span> 
     </span>
     <span class='ocr_line' id='line_1_27' title="bbox 283 2719 1314 2782; baseline -0.002 -14"><span class='ocrx_word' id='word_1_212' title='bbox 283 2723 349 2770; x_wconf 75' lang='lat' dir='ltr'><strong>mala</strong></span> <span class='ocrx_word' id='word_1_213' title='bbox 360 2721 465 2769; x_wconf 85' lang='lat' dir='ltr'><strong>intentio</strong></span> <span class='ocrx_word' id='word_1_214' title='bbox 477 2720 648 2780; x_wconf 85' lang='lat' dir='ltr'><strong>ieeiatutquis</strong></span> <span class='ocrx_word' id='word_1_215' title='bbox 656 2721 824 2781; x_wconf 73' lang='lat' dir='ltr'><strong>esusainJusta</strong></span> <span class='ocrx_word' id='word_1_216' title='bbox 833 2720 916 2770; x_wconf 78' lang='lat' dir='ltr'><strong>domni</strong></span> <span class='ocrx_word' id='word_1_217' title='bbox 928 2722 1068 2781; x_wconf 84' lang='lat' dir='ltr'><strong>censeatur,</strong></span> <span class='ocrx_word' id='word_1_218' title='bbox 1080 2720 1186 2782; x_wconf 88' lang='lat' dir='ltr'><strong>quisine</strong></span> <span class='ocrx_word' id='word_1_219' title='bbox 1195 2719 1233 2781; x_wconf 77' lang='lat' dir='ltr'><strong>et,</strong></span> <span class='ocrx_word' id='word_1_220' title='bbox 1242 2735 1314 2768; x_wconf 77' lang='lat' dir='ltr'><strong>carim</strong></span> 
     </span>
     <span class='ocr_line' id='line_1_28' title="bbox 283 2783 1314 2851; baseline 0.002 -15"><span class='ocrx_word' id='word_1_221' title='bbox 283 2802 332 2836; x_wconf 92' lang='lat' dir='ltr'><strong>non</strong></span> <span class='ocrx_word' id='word_1_222' title='bbox 342 2792 499 2838; x_wconf 79' lang='lat' dir='ltr'><strong>censeretur:</strong></span> <span class='ocrx_word' id='word_1_223' title='bbox 511 2801 535 2836; x_wconf 84' lang='lat' dir='ltr'><strong>r.</strong></span> <span class='ocrx_word' id='word_1_224' title='bbox 547 2801 594 2848; x_wconf 73' lang='lat' dir='ltr'><strong>gn,</strong></span> <span class='ocrx_word' id='word_1_225' title='bbox 606 2789 713 2850; x_wconf 89' lang='lat' dir='ltr'><strong>quisine</strong></span> <span class='ocrx_word' id='word_1_226' title='bbox 725 2789 834 2840; x_wconf 82' lang='lat' dir='ltr'><strong>utilitate</strong></span> <span class='ocrx_word' id='word_1_227' title='bbox 844 2803 920 2840; x_wconf 85' lang='lat' dir='ltr'><strong>venas</strong></span> <span class='ocrx_word' id='word_1_228' title='bbox 935 2791 962 2838; x_wconf 90' lang='lat' dir='ltr'><strong>in</strong></span> <span class='ocrx_word' id='word_1_229' title='bbox 970 2790 1069 2851; x_wconf 89' lang='lat' dir='ltr'><strong>proprio</strong></span> <span class='ocrx_word' id='word_1_230' title='bbox 1079 2789 1156 2838; x_wconf 82' lang='lat' dir='ltr'><strong>fundo</strong></span> <span class='ocrx_word' id='word_1_231' title='bbox 1166 2783 1314 2850; x_wconf 78' lang='lat' dir='ltr'><strong>praescinde·</strong></span> 
     </span>
     <span class='ocr_line' id='line_1_29' title="bbox 283 2857 790 2920; baseline 0.008 -16"><span class='ocrx_word' id='word_1_232' title='bbox 283 2859 322 2904; x_wconf 91' lang='lat' dir='ltr'><strong>ret</strong></span> <span class='ocrx_word' id='word_1_233' title='bbox 331 2857 360 2906; x_wconf 84' lang='lat' dir='ltr'><strong>ut</strong></span> <span class='ocrx_word' id='word_1_234' title='bbox 370 2858 461 2916; x_wconf 87' lang='lat' dir='ltr'><strong>puteus</strong></span> <span class='ocrx_word' id='word_1_235' title='bbox 471 2857 568 2906; x_wconf 86' lang='lat' dir='ltr'><strong>inimici</strong></span> <span class='ocrx_word' id='word_1_236' title='bbox 580 2857 642 2920; x_wconf 71' lang='lat' dir='ltr'><strong>aqud</strong></span> <span class='ocrx_word' id='word_1_237' title='bbox 655 2863 752 2910; x_wconf 54' lang='lat' dir='ltr'><strong>careat„</strong></span> <span class='ocrx_word' id='word_1_238' title='bbox 784 2875 790 2884; x_wconf 63' lang='grc'><strong>“</strong></span> 
     </span>
    </p>

    <p class='ocr_par' dir='ltr' id='par_1_11' title="bbox 284 2924 1421 3405">
     <span class='ocr_line' id='line_1_30' title="bbox 313 2924 1315 2990; baseline -0.001 -18"><span class='ocrx_word' id='word_1_239' title='bbox 313 2927 332 2972; x_wconf 81' lang='grc' dir='ltr'><strong><em>Ε</em></strong></span> <span class='ocrx_word' id='word_1_240' title='bbox 343 2927 426 2974; x_wconf 76' lang='lat' dir='ltr'><strong>eontra</strong></span> <span class='ocrx_word' id='word_1_241' title='bbox 436 2926 491 2974; x_wconf 85' lang='lat' dir='ltr'><strong>fieri</strong></span> <span class='ocrx_word' id='word_1_242' title='bbox 502 2928 583 2988; x_wconf 88' lang='lat' dir='ltr'><strong>potest</strong></span> <span class='ocrx_word' id='word_1_243' title='bbox 593 2929 622 2976; x_wconf 90' lang='lat' dir='ltr'><strong>nt</strong></span> <span class='ocrx_word' id='word_1_244' title='bbox 631 2929 687 2989; x_wconf 88' lang='lat' dir='ltr'><strong>quis</strong></span> <span class='ocrx_word' id='word_1_245' title='bbox 696 2927 923 2990; x_wconf 79' lang='lat' dir='ltr'><strong>permendecium,</strong></span> <span class='ocrx_word' id='word_1_246' title='bbox 935 2927 999 2988; x_wconf 70' lang='lat' dir='ltr'><strong>ete„</strong></span> <span class='ocrx_word' id='word_1_247' title='bbox 1010 2925 1073 2976; x_wconf 77' lang='lat' dir='ltr'><strong>boni</strong></span> <span class='ocrx_word' id='word_1_248' title='bbox 1083 2924 1220 2987; x_wconf 78' lang='lat' dir='ltr'><strong>presertim</strong></span> <span class='ocrx_word' id='word_1_249' title='bbox 1231 2925 1315 2972; x_wconf 84' lang='lat' dir='ltr'><strong>inten-</strong></span> 
     </span>
     <span class='ocr_line' id='line_1_31' title="bbox 284 2989 1313 3057; baseline -0.001 -17"><span class='ocrx_word' id='word_1_250' title='bbox 284 2995 352 3042; x_wconf 86' lang='lat' dir='ltr'><strong>tione</strong></span> <span class='ocrx_word' id='word_1_251' title='bbox 367 2995 506 3056; x_wconf 77' lang='lat' dir='ltr'><strong>prolatum,</strong></span> <span class='ocrx_word' id='word_1_252' title='bbox 517 2996 626 3056; x_wconf 80' lang='lat' dir='ltr'><strong>aliquem</strong></span> <span class='ocrx_word' id='word_1_253' title='bbox 643 2997 763 3057; x_wconf 81' lang='lat' dir='ltr'><strong>impediat</strong></span> <span class='ocrx_word' id='word_1_254' title='bbox 773 2991 788 3044; x_wconf 77' lang='lat' dir='ltr'><strong>i</strong></span> <span class='ocrx_word' id='word_1_255' title='bbox 799 2995 975 3043; x_wconf 74' lang='lat' dir='ltr'><strong>consecutione</strong></span> <span class='ocrx_word' id='word_1_256' title='bbox 987 2997 1059 3054; x_wconf 85' lang='lat' dir='ltr'><strong>boni,</strong></span> <span class='ocrx_word' id='word_1_257' title='bbox 1072 2995 1142 3055; x_wconf 87' lang='lat' dir='ltr'><strong>quin,</strong></span> <span class='ocrx_word' id='word_1_258' title='bbox 1152 2995 1179 3041; x_wconf 95' lang='lat' dir='ltr'><strong>in</strong></span> <span class='ocrx_word' id='word_1_259' title='bbox 1189 2989 1313 3041; x_wconf 82' lang='lat' dir='ltr'><strong>communi</strong></span> 
     </span>
     <span class='ocr_line' id='line_1_32' title="bbox 285 3060 1421 3123; baseline -0.002 -13"><span class='ocrx_word' id='word_1_260' title='bbox 285 3063 414 3112; x_wconf 89' lang='lat' dir='ltr'><strong>hominurn</strong></span> <span class='ocrx_word' id='word_1_261' title='bbox 424 3064 587 3113; x_wconf 72' lang='lat' dir='ltr'><strong>estimatione</strong></span> <span class='ocrx_word' id='word_1_262' title='bbox 595 3067 726 3113; x_wconf 75' lang='lat' dir='ltr'><strong>censeatur</strong></span> <span class='ocrx_word' id='word_1_263' title='bbox 736 3076 809 3111; x_wconf 81' lang='lat' dir='ltr'><strong>eausa</strong></span> <span class='ocrx_word' id='word_1_264' title='bbox 820 3062 913 3123; x_wconf 82' lang='lat' dir='ltr'><strong>damni,</strong></span> <span class='ocrx_word' id='word_1_265' title='bbox 925 3064 954 3112; x_wconf 87' lang='lat' dir='ltr'><strong>ut</strong></span> <span class='ocrx_word' id='word_1_266' title='bbox 964 3063 999 3123; x_wconf 88' lang='lat' dir='ltr'><strong>si,</strong></span> <span class='ocrx_word' id='word_1_267' title='bbox 1011 3062 1061 3111; x_wconf 88' lang='lat' dir='ltr'><strong>irui</strong></span> <span class='ocrx_word' id='word_1_268' title='bbox 1072 3061 1175 3121; x_wconf 86' lang='lat' dir='ltr'><strong>cupiens</strong></span> <span class='ocrx_word' id='word_1_269' title='bbox 1185 3060 1315 3122; x_wconf 67' lang='lat' dir='ltr'><strong>presentis</strong></span> <span class='ocrx_word' id='word_1_270' title='bbox 1419 3083 1421 3087; x_wconf 95' lang='lat'>·</span> 
     </span>
     <span class='ocr_line' id='line_1_33' title="bbox 286 3129 1316 3200; baseline -0.003 -20"><span class='ocrx_word' id='word_1_271' title='bbox 286 3132 369 3196; x_wconf 77' lang='lat' dir='ltr'><strong>nmiei,</strong></span> <span class='ocrx_word' id='word_1_272' title='bbox 379 3145 437 3183; x_wconf 88' lang='lat' dir='ltr'><strong>eum</strong></span> <span class='ocrx_word' id='word_1_273' title='bbox 446 3136 479 3182; x_wconf 83' lang='lat' dir='ltr'><strong>nb</strong></span> <span class='ocrx_word' id='word_1_274' title='bbox 490 3135 581 3200; x_wconf 78' lang='lat' dir='ltr'><strong>itinere</strong></span> <span class='ocrx_word' id='word_1_275' title='bbox 591 3134 717 3193; x_wconf 76' lang='lat' dir='ltr'><strong>loretum,</strong></span> <span class='ocrx_word' id='word_1_276' title='bbox 732 3132 759 3182; x_wconf 86' lang='lat' dir='ltr'><strong>in</strong></span> <span class='ocrx_word' id='word_1_277' title='bbox 770 3145 818 3192; x_wconf 92' lang='lat' dir='ltr'><strong>quo</strong></span> <span class='ocrx_word' id='word_1_278' title='bbox 831 3133 1000 3193; x_wconf 81' lang='lat' dir='ltr'><strong>eleemosynas</strong></span> <span class='ocrx_word' id='word_1_279' title='bbox 1010 3131 1094 3180; x_wconf 84' lang='lat' dir='ltr'><strong>domui</strong></span> <span class='ocrx_word' id='word_1_280' title='bbox 1106 3132 1222 3189; x_wconf 82' lang='lat' dir='ltr'><strong>loretanre</strong></span> <span class='ocrx_word' id='word_1_281' title='bbox 1240 3129 1316 3178; x_wconf 83' lang='lat' dir='ltr'><strong>iecis-</strong></span> 
     </span>
     <span class='ocr_line' id='line_1_34' title="bbox 287 3194 1313 3265; baseline -0.005 -15"><span class='ocrx_word' id='word_1_282' title='bbox 287 3203 337 3263; x_wconf 78' lang='lat' dir='ltr'><strong>set,</strong></span> <span class='ocrx_word' id='word_1_283' title='bbox 348 3203 395 3252; x_wconf 73' lang='lat' dir='ltr'><strong>suls</strong></span> <span class='ocrx_word' id='word_1_284' title='bbox 405 3205 529 3265; x_wconf 75' lang='lat' dir='ltr'><strong>pretextu</strong></span> <span class='ocrx_word' id='word_1_285' title='bbox 539 3205 663 3252; x_wconf 85' lang='lat' dir='ltr'><strong>latronum</strong></span> <span class='ocrx_word' id='word_1_286' title='bbox 673 3201 843 3254; x_wconf 77' lang='lat' dir='ltr'><strong>insidiantium</strong></span> <span class='ocrx_word' id='word_1_287' title='bbox 862 3201 1025 3262; x_wconf 87' lang='lat' dir='ltr'><strong>impediisset.</strong></span> <span class='ocrx_word' id='word_1_288' title='bbox 1037 3202 1135 3262; x_wconf 81' lang='lat' dir='ltr'><strong>Deluqo.</strong></span> <span class='ocrx_word' id='word_1_289' title='bbox 1149 3194 1255 3248; x_wconf 75' lang='lat' dir='ltr'><strong>Aliunde</strong></span> <span class='ocrx_word' id='word_1_290' title='bbox 1266 3211 1313 3258; x_wconf 73' lang='lat' dir='ltr'><strong>pon</strong></span> 
     </span>
     <span class='ocr_line' id='line_1_35' title="bbox 288 3266 1317 3336; baseline -0.009 -16"><span class='ocrx_word' id='word_1_291' title='bbox 288 3269 298 3320; x_wconf 77' lang='lat' dir='ltr'><strong>l</strong></span> <span class='ocrx_word' id='word_1_292' title='bbox 309 3273 409 3323; x_wconf 74' lang='lat' dir='ltr'><strong>dadone</strong></span> <span class='ocrx_word' id='word_1_293' title='bbox 423 3276 587 3333; x_wconf 73' lang='lat' dir='ltr'><strong>eleemosynae</strong></span> <span class='ocrx_word' id='word_1_294' title='bbox 598 3271 720 3336; x_wconf 72' lang='lat' dir='ltr'><strong>impedit.</strong></span> <span class='ocrx_word' id='word_1_295' title='bbox 730 3269 775 3318; x_wconf 90' lang='lat' dir='ltr'><strong>sed</strong></span> <span class='ocrx_word' id='word_1_296' title='bbox 782 3270 813 3317; x_wconf 79' lang='lat' dir='ltr'><strong>alr</strong></span> <span class='ocrx_word' id='word_1_297' title='bbox 823 3270 914 3326; x_wconf 73' lang='lat' dir='ltr'><strong>itinme</strong></span> <span class='ocrx_word' id='word_1_298' title='bbox 925 3282 983 3318; x_wconf 87' lang='lat' dir='ltr'><strong>eum</strong></span> <span class='ocrx_word' id='word_1_299' title='bbox 993 3282 1042 3330; x_wconf 89' lang='lat' dir='ltr'><strong>quo</strong></span> <span class='ocrx_word' id='word_1_300' title='bbox 1053 3270 1209 3329; x_wconf 74' lang='lat' dir='ltr'><strong>eleemosyna</strong></span> <span class='ocrx_word' id='word_1_301' title='bbox 1220 3279 1268 3317; x_wconf 92' lang='lat' dir='ltr'><strong>non</strong></span> <span class='ocrx_word' id='word_1_302' title='bbox 1280 3266 1317 3314; x_wconf 70' lang='lat' dir='ltr'><strong>esi</strong></span> 
     </span>
     <span class='ocr_line' id='line_1_36' title="bbox 288 3341 891 3405; baseline -0.007 -15"><span class='ocrx_word' id='word_1_303' title='bbox 288 3341 662 3405; x_wconf 73' lang='lat' dir='ltr'><strong>nisiperoeeidensconjuncta.</strong></span> <span class='ocrx_word' id='word_1_304' title='bbox 890 3383 891 3386; x_wconf 76' lang='grc'>,</span> 
     </span>
    </p>

    <p class='ocr_par' dir='ltr' id='par_1_12' title="bbox 317 3401 1315 3472">
     <span class='ocr_line' id='line_1_37' title="bbox 317 3401 1315 3472; baseline -0.011 -14"><span class='ocrx_word' id='word_1_305' title='bbox 317 3409 350 3472; x_wconf 85' lang='lat' dir='ltr'><strong>(e)</strong></span> <span class='ocrx_word' id='word_1_306' title='bbox 366 3408 403 3458; x_wconf 74' lang='lat' dir='ltr'><strong>lix</strong></span> <span class='ocrx_word' id='word_1_307' title='bbox 413 3411 453 3458; x_wconf 81' lang='lat' dir='ltr'><strong>liis</strong></span> <span class='ocrx_word' id='word_1_308' title='bbox 458 3411 588 3471; x_wconf 83' lang='lat' dir='ltr'><strong>principiis</strong></span> <span class='ocrx_word' id='word_1_309' title='bbox 598 3408 694 3456; x_wconf 81' lang='lat' dir='ltr'><strong>resolve</strong></span> <span class='ocrx_word' id='word_1_310' title='bbox 706 3407 731 3455; x_wconf 82' lang='lat' dir='ltr'><strong>l⁰</strong></span> <span class='ocrx_word' id='word_1_311' title='bbox 740 3405 770 3453; x_wconf 79' lang='lat' dir='ltr'><strong>ed</strong></span> <span class='ocrx_word' id='word_1_312' title='bbox 778 3405 959 3454; x_wconf 76' lang='lat' dir='ltr'><strong>restdutlonem</strong></span> <span class='ocrx_word' id='word_1_313' title='bbox 970 3417 1019 3453; x_wconf 93' lang='lat' dir='ltr'><strong>non</strong></span> <span class='ocrx_word' id='word_1_314' title='bbox 1030 3405 1111 3453; x_wconf 85' lang='lat' dir='ltr'><strong>teneri</strong></span> <span class='ocrx_word' id='word_1_315' title='bbox 1121 3401 1130 3467; x_wconf 86' lang='lat'><strong>(</strong></span> <span class='ocrx_word' id='word_1_316' title='bbox 1139 3403 1252 3466; x_wconf 82' lang='lat' dir='ltr'><strong>quamvis</strong></span> <span class='ocrx_word' id='word_1_317' title='bbox 1263 3401 1315 3448; x_wconf 88' lang='lat' dir='ltr'><strong>vul·</strong></span> 
     </span>
    </p>

    <p class='ocr_par' dir='ltr' id='par_1_13' title="bbox 256 3473 1317 3818">
     <span class='ocr_line' id='line_1_38' title="bbox 256 3473 1316 3540; baseline -0.009 -14"><span class='ocrx_word' id='word_1_318' title='bbox 256 3519 258 3526; x_wconf 80' lang='grc'>,</span> <span class='ocrx_word' id='word_1_319' title='bbox 288 3479 484 3540; x_wconf 71' lang='lat' dir='ltr'><strong>qusinperitum</strong></span> <span class='ocrx_word' id='word_1_320' title='bbox 494 3478 645 3526; x_wconf 79' lang='lat' dir='ltr'><strong>contrarium</strong></span> <span class='ocrx_word' id='word_1_321' title='bbox 656 3475 750 3535; x_wconf 81' lang='lat' dir='ltr'><strong>eredat,</strong></span> <span class='ocrx_word' id='word_1_322' title='bbox 761 3475 859 3536; x_wconf 82' lang='lat' dir='ltr'><strong>sintque</strong></span> <span class='ocrx_word' id='word_1_323' title='bbox 870 3476 985 3528; x_wconf 89' lang='lat' dir='ltr'><strong>nonnulli</strong></span> <span class='ocrx_word' id='word_1_324' title='bbox 1001 3474 1045 3535; x_wconf 91' lang='lat' dir='ltr'><strong>qui</strong></span> <span class='ocrx_word' id='word_1_325' title='bbox 1064 3476 1110 3522; x_wconf 73' lang='lat' dir='ltr'><strong>suli</strong></span> <span class='ocrx_word' id='word_1_326' title='bbox 1119 3473 1234 3534; x_wconf 76' lang='lat' dir='ltr'><strong>presenti</strong></span> <span class='ocrx_word' id='word_1_327' title='bbox 1253 3485 1316 3532; x_wconf 79' lang='lat' dir='ltr'><strong>prs:-</strong></span> 
     </span>
     <span class='ocr_line' id='line_1_39' title="bbox 291 3539 1317 3608; baseline -0.011 -11"><span class='ocrx_word' id='word_1_328' title='bbox 291 3551 360 3598; x_wconf 86' lang='lat' dir='ltr'><strong>lextu</strong></span> <span class='ocrx_word' id='word_1_329' title='bbox 368 3548 417 3596; x_wconf 85' lang='lat' dir='ltr'><strong>sibl</strong></span> <span class='ocrx_word' id='word_1_330' title='bbox 429 3543 604 3608; x_wconf 83' lang='lat' dir='ltr'><strong>compensent)</strong></span> <span class='ocrx_word' id='word_1_331' title='bbox 615 3558 673 3594; x_wconf 87' lang='lat' dir='ltr'><strong>eum</strong></span> <span class='ocrx_word' id='word_1_332' title='bbox 690 3545 733 3607; x_wconf 90' lang='lat' dir='ltr'><strong>qui</strong></span> <span class='ocrx_word' id='word_1_333' title='bbox 743 3545 872 3594; x_wconf 80' lang='lat' dir='ltr'><strong>blanditiis</strong></span> <span class='ocrx_word' id='word_1_334' title='bbox 882 3541 897 3594; x_wconf 75' lang='lat' dir='ltr'><strong>i</strong></span> <span class='ocrx_word' id='word_1_335' title='bbox 910 3543 1059 3594; x_wconf 80' lang='lat' dir='ltr'><strong>testamento</strong></span> <span class='ocrx_word' id='word_1_336' title='bbox 1069 3541 1196 3590; x_wconf 79' lang='lat' dir='ltr'><strong>condendo</strong></span> <span class='ocrx_word' id='word_1_337' title='bbox 1207 3539 1317 3599; x_wconf 65' lang='lat' dir='ltr'><strong>aliquem,</strong></span> 
     </span>
     <span class='ocr_line' id='line_1_40' title="bbox 288 3610 1315 3680; baseline -0.015 -14"><span class='ocrx_word' id='word_1_338' title='bbox 288 3616 441 3680; x_wconf 83' lang='lat' dir='ltr'><strong>impediunt,</strong></span> <span class='ocrx_word' id='word_1_339' title='bbox 452 3617 495 3664; x_wconf 82' lang='lat' dir='ltr'><strong>aut</strong></span> <span class='ocrx_word' id='word_1_340' title='bbox 503 3615 555 3674; x_wconf 80' lang='lat' dir='ltr'><strong>jam</strong></span> <span class='ocrx_word' id='word_1_341' title='bbox 565 3615 690 3665; x_wconf 83' lang='lat' dir='ltr'><strong>eonditum</strong></span> <span class='ocrx_word' id='word_1_342' title='bbox 698 3627 814 3664; x_wconf 82' lang='lat' dir='ltr'><strong>revocare</strong></span> <span class='ocrx_word' id='word_1_343' title='bbox 826 3615 929 3680; x_wconf 82' lang='lat' dir='ltr'><strong>curent,</strong></span> <span class='ocrx_word' id='word_1_344' title='bbox 938 3611 1136 3665; x_wconf 80' lang='lat' dir='ltr'><strong>aliudveltonum</strong></span> <span class='ocrx_word' id='word_1_345' title='bbox 1144 3610 1191 3658; x_wconf 84' lang='lat' dir='ltr'><strong>sibi</strong></span> <span class='ocrx_word' id='word_1_346' title='bbox 1203 3611 1315 3660; x_wconf 76' lang='lat' dir='ltr'><strong>evocent,</strong></span> 
     </span>
     <span class='ocr_line' id='line_1_41' title="bbox 288 3674 1315 3744; baseline -0.011 -10"><span class='ocrx_word' id='word_1_347' title='bbox 288 3686 385 3736; x_wconf 82' lang='lat' dir='ltr'><strong>etiamsi</strong></span> <span class='ocrx_word' id='word_1_348' title='bbox 395 3684 446 3744; x_wconf 82' lang='lat' dir='ltr'><strong>iam</strong></span> <span class='ocrx_word' id='word_1_349' title='bbox 457 3683 621 3734; x_wconf 81' lang='lat' dir='ltr'><strong>determinata</strong></span> <span class='ocrx_word' id='word_1_350' title='bbox 632 3685 664 3732; x_wconf 89' lang='lat' dir='ltr'><strong>sit</strong></span> <span class='ocrx_word' id='word_1_351' title='bbox 673 3685 737 3732; x_wconf 80' lang='lat' dir='ltr'><strong>hone</strong></span> <span class='ocrx_word' id='word_1_352' title='bbox 749 3683 922 3742; x_wconf 73' lang='lat' dir='ltr'><strong>eiusvoluntas</strong></span> <span class='ocrx_word' id='word_1_353' title='bbox 931 3677 988 3741; x_wconf 64' lang='lat' dir='ltr'><strong>erge</strong></span> <span class='ocrx_word' id='word_1_354' title='bbox 998 3681 1114 3728; x_wconf 82' lang='lat' dir='ltr'><strong>alterum.</strong></span> <span class='ocrx_word' id='word_1_355' title='bbox 1125 3677 1173 3726; x_wconf 87' lang='lat' dir='ltr'><strong>Sed</strong></span> <span class='ocrx_word' id='word_1_356' title='bbox 1183 3677 1240 3724; x_wconf 74' lang='lat' dir='ltr'><strong>notu</strong></span> <span class='ocrx_word' id='word_1_357' title='bbox 1251 3674 1315 3736; x_wconf 79' lang='lat' dir='ltr'><strong>quod</strong></span> 
     </span>
     <span class='ocr_line' id='line_1_42' title="bbox 288 3751 1017 3818; baseline -0.005 -14"><span class='ocrx_word' id='word_1_358' title='bbox 288 3751 351 3818; x_wconf 70' lang='lat' dir='ltr'><strong>sepe</strong></span> <span class='ocrx_word' id='word_1_359' title='bbox 361 3759 422 3804; x_wconf 82' lang='lat' dir='ltr'><strong>tnnc</strong></span> <span class='ocrx_word' id='word_1_360' title='bbox 432 3752 514 3802; x_wconf 82' lang='lat' dir='ltr'><strong>medin</strong></span> <span class='ocrx_word' id='word_1_361' title='bbox 524 3753 615 3814; x_wconf 75' lang='lat' dir='ltr'><strong>iniuste</strong></span> <span class='ocrx_word' id='word_1_362' title='bbox 626 3753 799 3808; x_wconf 76' lang='lat' dir='ltr'><strong>adhibeantur.</strong></span> <span class='ocrx_word' id='word_1_363' title='bbox 1011 3773 1017 3778; x_wconf 83' lang='lat'><em>-</em></span> 
     </span>
    </p>

    <p class='ocr_par' dir='ltr' id='par_1_14' title="bbox 317 3812 1470 3990">
     <span class='ocr_line' id='line_1_43' title="bbox 317 3812 1317 3884; baseline -0.015 -10"><span class='ocrx_word' id='word_1_364' title='bbox 317 3825 344 3874; x_wconf 75' lang='lat'><strong>2⁰</strong></span> <span class='ocrx_word' id='word_1_365' title='bbox 354 3823 444 3872; x_wconf 80' lang='lat' dir='ltr'><strong>renen</strong></span> <span class='ocrx_word' id='word_1_366' title='bbox 455 3820 469 3871; x_wconf 78' lang='lat' dir='ltr'><strong>e</strong></span> <span class='ocrx_word' id='word_1_367' title='bbox 481 3817 565 3872; x_wconf 73' lang='lat' dir='ltr'><strong>contri</strong></span> <span class='ocrx_word' id='word_1_368' title='bbox 575 3822 618 3884; x_wconf 91' lang='lat' dir='ltr'><strong>qui</strong></span> <span class='ocrx_word' id='word_1_369' title='bbox 629 3821 718 3870; x_wconf 84' lang='lat' dir='ltr'><strong>mediis</strong></span> <span class='ocrx_word' id='word_1_370' title='bbox 728 3822 851 3882; x_wconf 82' lang='lat' dir='ltr'><strong>quibusve</strong></span> <span class='ocrx_word' id='word_1_371' title='bbox 866 3817 979 3880; x_wconf 72' lang='lat' dir='ltr'><strong>iniustis,</strong></span> <span class='ocrx_word' id='word_1_372' title='bbox 990 3815 1167 3868; x_wconf 78' lang='lat' dir='ltr'><strong>testamentum</strong></span> <span class='ocrx_word' id='word_1_373' title='bbox 1179 3815 1205 3862; x_wconf 91' lang='lat' dir='ltr'><strong>in</strong></span> <span class='ocrx_word' id='word_1_374' title='bbox 1227 3812 1264 3863; x_wconf 88' lang='lat' dir='ltr'><strong>sui</strong></span> <span class='ocrx_word' id='word_1_375' title='bbox 1283 3814 1317 3860; x_wconf 83' lang='lat' dir='ltr'><strong>in·</strong></span> 
     </span>
    </p>

    <p class='ocr_par' dir='ltr' id='par_1_15' title="bbox 206 3884 1311 4023">
     <span class='ocr_line' id='line_1_44' title="bbox 206 3884 1311 3950; baseline -0.008 -11"><span class='ocrx_word' id='word_1_376' title='bbox 206 3903 208 3907; x_wconf 88' lang='lat'>·</span> <span class='ocrx_word' id='word_1_377' title='bbox 291 3905 373 3939; x_wconf 84' lang='lat' dir='ltr'><strong>rorem</strong></span> <span class='ocrx_word' id='word_1_378' title='bbox 384 3891 533 3950; x_wconf 82' lang='lat' dir='ltr'><strong>extorquent</strong></span> <span class='ocrx_word' id='word_1_379' title='bbox 544 3891 586 3938; x_wconf 83' lang='lat' dir='ltr'><strong>ont</strong></span> <span class='ocrx_word' id='word_1_380' title='bbox 595 3891 646 3948; x_wconf 81' lang='lat' dir='ltr'><strong>inm</strong></span> <span class='ocrx_word' id='word_1_381' title='bbox 665 3889 757 3936; x_wconf 82' lang='lat' dir='ltr'><strong>tactum</strong></span> <span class='ocrx_word' id='word_1_382' title='bbox 777 3889 802 3936; x_wconf 91' lang='lat' dir='ltr'><strong>ln</strong></span> <span class='ocrx_word' id='word_1_383' title='bbox 814 3887 922 3936; x_wconf 79' lang='lat' dir='ltr'><strong>fororem</strong></span> <span class='ocrx_word' id='word_1_384' title='bbox 935 3886 1037 3936; x_wconf 79' lang='lat' dir='ltr'><strong>alterius</strong></span> <span class='ocrx_word' id='word_1_385' title='bbox 1048 3885 1149 3932; x_wconf 80' lang='lat' dir='ltr'><strong>lneernri</strong></span> <span class='ocrx_word' id='word_1_386' title='bbox 1163 3884 1262 3943; x_wconf 82' lang='lat' dir='ltr'><strong>euroni,</strong></span> <span class='ocrx_word' id='word_1_387' title='bbox 1274 3895 1311 3931; x_wconf 86' lang='lat' dir='ltr'><strong>no·</strong></span> 
     </span>
     <span class='ocr_line' id='line_1_45' title="bbox 291 3961 722 4023; baseline -0.012 -13"><span class='ocrx_word' id='word_1_388' title='bbox 291 3964 346 4012; x_wconf 71' lang='lat' dir='ltr'><strong>terii</strong></span> <span class='ocrx_word' id='word_1_389' title='bbox 358 3972 481 4010; x_wconf 78' lang='lat' dir='ltr'><strong>aceessum</strong></span> <span class='ocrx_word' id='word_1_390' title='bbox 492 3963 647 4023; x_wconf 70' lang='lat' dir='ltr'><strong>impediunt,</strong></span> <span class='ocrx_word' id='word_1_391' title='bbox 659 3961 722 4018; x_wconf 80' lang='lat' dir='ltr'><strong>eir.;</strong></span> 
     </span>
    </p>
   </div>
   <div class='ocr_carea' id='block_1_3' title="bbox 0 0 1502 4678">
    <p class='ocr_par' dir='ltr' id='par_1_16' title="bbox 0 0 1502 4678">
     <span class='ocr_line' id='line_1_46' title="bbox 0 0 1502 4678; baseline 0 0"><span class='ocrx_word' id='word_1_392' title='bbox 0 0 1502 4678; x_wconf 95' lang='lat' dir='ltr'><strong> </strong></span> 
     </span>
    </p>
   </div>
  </div>
 </body>
</html>
