2926 4680
504 240 824 323 ,ΜΔΜΜΜοΜιΜ
1108 185 1191 328 399

200 346 277 426 Bai.
303 355 335 412 ια
354 338 559 414 Adulterium
573 339 622 424 (a)
642 361 745 406 causa·
748 351 795 416 est
815 349 846 404 et
845 333 1009 446 nunidem,
1031 327 1089 414 sad
1110 333 1191 416 sola,

159 457 320 550 perpetuae
333 436 545 549 separationis
553 435 657 528 quoad
672 449 791 543 torum,
812 431 908 502 etiam
922 429 1050 530 proprii
1063 429 1194 498 auctori·

157 549 238 612 iate
254 562 282 606 si
297 534 416 603 crimen
434 531 594 601 moraliter
610 545 730 600 certum
744 528 795 596 sit

207 631 324 721 Quoad
345 627 570 698 habitationem
585 649 684 708 nero,
706 621 889 694 auctoritate
910 621 1023 713 judicis
1038 620 1194 728 ecclesias·

165 727 290 812 t1c1(t)

208 824 273 892 Sed
287 849 348 891 nec
356 820 535 913 requiritur
556 817 624 886 haec
642 814 809 898 sententia,
833 840 862 882 si
852 801 1097 883 'adulterium
1087 815 1134 880 rta
1153 797 1196 882 sii
1256 846 1269 881 a

162 918 325 1029 publicum
336 934 370 986 et
388 917 544 986 notorium
562 930 597 982 ut
617 938 637 981 Μ
657 911 782 981 nemine
799 910 898 1004 possit
910 911 944 978 in
962 909 1094 1029 dubium
1108 933 1196 978 revo-

167 1039 234 1082 carr
223 1014 373 1100 (c).

209 1109 286 1178 Non
301 1126 403 1178 tamen
417 1108 457 1176 de
471 1131 505 1175 se
525 1119 681 1217 praecepta
695 1101 796 1171 est-ola
814 1101 1012 1171 adulterium
1022 1097 1194 1194 separatim

169 1223 199 1306 et
213 1204 280 1273 haec
295 1202 542 1274 Proverbiorum
557 1207 588 1280 8,
606 1200 766 1288 (irritanti
780 1197 961 1264 adulteram
976 1198 1092 1265 stultus
1109 1207 1155 1264 est
1165 1207 1197 1265 at
1213 1249 1221 1266 .

168 1299 299 1390 impius,
319 1296 522 1390 intelligenda
541 1311 612 1364 sunt
599 1297 674 1364 tde
690 1307 846 1389 praecepto
872 1317 929 1386 per
954 1292 1155 1380 accidens,
1125 1318 1196 1376 epm

167 1422 276 1506 nempe
263 1394 470 1464 scandalum
485 1392 574 1460 aliter
589 1391 733 1467 oriretur,
749 1393 854 1483 utpote
866 1387 1074 1482 quddairum,
1086 1415 1116 1457 v
1129 1414 1195 1478 gn,

167 1517 217 1561 sus
242 1491 396 1560 icarentur
411 1487 614 1584 impudicitiis
627 1485 731 1556 uxoris
742 1485 860 1554 favere.

207 1519 274 1656 iod
290 1601 319 1654 et
338 1612 395 1654 nec
414 1601 486 1652 tunc
509 1598 697 1677 praeceptum
712 1581 814 1674 ipsum
830 1578 964 1671 obligat,
985 1579 1013 1649 si
1028 1605 1138 1673 gravia
1146 1581 1198 1652 vel

168 1681 306 1750 solrlrn
283 1697 449 1750 trmcantur
464 1681 528 1763 (d).

209 1777 330 1842 Unde
321 1801 337 1840 e
356 1774 511 1841 contrario
531 1769 627 1862 exigit
645 1795 727 1862 saepe
753 1771 890 1838 charitas
909 1787 945 1838 ut
960 1797 1023 1840 non
1035 1773 1090 1842 fiat
1111 1801 1198 1868 sepa-
1276 1802 1303 1840 ·.

169 1868 317 1953 (Μῑὶο(ε).
1200 1889 1207 1901 ·

210 1964 322 2033 Nota:
338 1963 431 2044 Lata,
444 1961 485 2028 ob
499 1959 696 2040 adulterium,
705 1959 1007 2041 divortiisententia
1022 1978 1197 2049 nocentem,

171 2059 264 2129 etiarn
275 2016 483 2138 emendatrim,
499 2079 647 2125 revocare
660 2049 819 2146 nunquim
830 2079 866 2120 ex
880 2055 999 2146 justitia
1008 2052 1063 2150 (s)
1076 2073 1200 2130 tenetur

170 2157 337 2233 irmocenst
355 2179 431 2246 quan
443 2168 544 2246 potest
556 2179 592 2220 ex
606 2167 678 2218 tunc
693 2166 800 2217 votum
815 2149 956 2219 emittere
967 2167 1129 2236 castltatrs
1147 2155 1198 2224 vel
1237 2162 1239 2166 ’

172 2247 473 2342 ordmessuscrpere,
484 2248 533 2315 vel
548 2245 729 2340 rclrgronem
738 2246 1012 2343 ingrcd1();sed
1023 2247 1102 2316 sicut
1109 2275 1200 2361 erpe-

171 2346 219 2416 ‘dit
230 2361 264 2414 ut
277 2345 423 2413 innocens
434 2342 539 2412 omnia
555 2342 643 2438 prilts
653 2357 750 2410 tentet
761 2345 857 2436 quaint
870 2344 1067 2412 divortium
1057 2345 1198 2466 incipiat,

171 2442 216 2510 ita
231 2457 260 2510 et
273 2457 307 2509 ut
322 2456 432 2512 cesset.

212 2537 448 2608 Notariorum
465 2534 598 2616 adulter,
608 2531 771 2604 saltem
741 2561 812 2602 curn
830 2533 977 2604 innocens
997 2536 1115 2604 crimen
1133 2541 1200 2628 ejus

170 2634 268 2716 novit,
284 2634 407 2724 exigere
416 2630 525 2723 nequit
538 2629 677 2701 debiturn
688 2630 749 2716 (ᾗ),
760 2631 815 2698 scd
824 2630 926 2698 solinu
939 2643 1044 2723 petere
1053 2636 1201 2724 tanquim
1305 2681 1311 2696 .

172 2685 322 2796 beneiolc
339 2727 585 2806 concedendum,
600 2727 674 2819 quia
684 2730 733 2817 jus
748 2725 890 2816 exigendi
906 2726 1061 2820 perdidit;
1077 2729 1132 2797 sed
1149 2756 1202 2798 ne-

172 2825 273 2894 dim
262 2850 406 2894 innocens
426 2839 532 2918 peccet
554 2823 734 2906 reddendo,
757 2839 810 2889 ant
833 2821 925 2894 etiam
946 2826 1097 2918 petendo,
1119 2831 1202 2922 saepe

172 2921 223 2991 via
236 2911 348 2991 melior
363 2938 421 3004 cst,
433 2921 544 2988 saltem
560 2935 697 3015 exparte
710 2919 828 3002 uxoris,
840 2934 1001 2988 nocentem
1015 2921 1199 2995 reducendi.
1271 3001 1273 3006 ,

204 3105 241 3171 (Μ)
252 3108 302 3165 sub
310 3063 373 3167 quo,
384 3104 431 3154 etsi
441 3103 533 3166 necent
544 3104 638 3165 aliqui,
648 3103 825 3164 comprehendi
835 3099 987 3164 probabilius
995 3103 1086 3153 debent
1094 3105 1204 3156 sodomia
1279 3087 1284 3097 ’

174 3176 200 3225 et
208 3176 343 3224 bestialitas
350 3185 426 3234 quaa
435 3186 533 3220 caruem
543 3170 664 3233 complete
672 3173 800 3231 dividunt
808 3184 857 3220 non
866 3170 925 3221 tero
935 3174 1016 3220 tactus
1016 3168 1146 3234 ,pollutio,
1153 3175 1202 3226 etc.

206 3241 240 3305 (i)
252 3243 341 3290 Nunc'
335 3255 361 3288 ru
374 3240 452 3288 Gallia
469 3243 583 3301 Episcopi
603 3243 700 3288 nuiturn
721 3205 815 3288 haberit
832 3241 912 3290 iorum
932 3243 1126 3302 contentiosum
1144 3243 1202 3306 aed,

174 3312 278 3372 sumptis
288 3310 442 3358 documentis
448 3311 630 3370 ,pronunciant
640 3306 718 3356 solinu
730 3322 773 3370 pro
785 3311 836 3357 foro
853 3311 1019 3361 conscientiae.

206 3378 238 3442 (c)
248 3381 280 3427 ot
290 3393 311 3426 Μ
304 3379 374 3426 'nati
392 3379 442 3425 sint
452 3391 484 3425 ex
494 3378 617 3427 adulterio
627 3377 678 3425 iiiii
674 3392 744 3439 quos
754 3379 851 3427 adulter
865 3382 894 3428 ut
904 3392 960 3427 euos
970 3376 1051 3440 puin
1062 3383 1203 3446 contonat,

173 3451 217 3498 rel
230 3449 279 3496 nisi
297 3447 399 3495 evidens
420 3448 452 3495 sit
471 3447 612 3507 periculum
625 3448 713 3496 animae
726 3448 768 3496 vei
783 3450 901 3510 corporis.
916 3443 1004 3497 Melicis
1018 3449 1116 3511 umen,
1126 3414 1204 3502 eliani

174 3517 399 3580 tunnoouneanu
407 3516 539 3566 sententia

205 3587 317 3651 Supplex
334 3586 447 3646 libellus,
466 3587 575 3636 rationes
591 3588 752 3648 separationis
771 3588 913 3650 continens,
931 3588 1034 3637 otiamur
1049 3587 1137 3648 ludici.
1153 3588 1204 3644 seri

175 3657 272 3718 forsan,
282 3657 383 3705 autnon
394 3620 467 3705 ruerit
478 3651 563 3705 contri
574 3657 655 3705 virum
667 3657 853 3718 admitteretur,
863 3658 890 3706 ΙΜ
899 3655 993 3719 (initii,
1004 3651 1112 3717 lludicc
1123 3652 1203 3710 ciiiii.

207 3723 243 3790 ((1)
257 3723 289 3776 ot
298 3727 356 3775 lites
365 3737 452 3786 graves
465 3725 506 3775 vei
516 3725 578 3774 rixae
587 3737 643 3774 cnm
654 3728 740 3776 uxoris
753 3727 913 3788 parentibus,
924 3728 965 3776 vel
979 3737 1012 3776 ne
1022 3737 1085 3777 uxor
1095 3728 1121 3776 in
1131 3729 1203 3789 peius

1 3846 2 3856 ,
89 3810 105 3845 a
176 3795 393 3861 matramaipse
404 3795 561 3859 perierimus
570 3796 652 3876 carnis
662 3797 834 3852 tribulationes
844 3798 961 3863 patiatur.
976 3791 1012 3849 itt
1023 3797 1130 3854 saneim
1144 3811 1202 3849 cum
1243 3812 1260 3838 ι·
