2960 4684
134 423 137 430 ,
237 381 280 446 7²
491 379 543 430 nro
565 378 754 432 superno
771 380 1003 432 remunero

263 463 388 526 Numquid
397 473 445 514 non
454 464 503 516 dici
513 463 595 525 posset
602 467 739 514 senatorem
749 467 814 515 huuc
824 468 947 522 secretum
958 469 988 516 ad
996 466 1123 528 quodcum
1134 469 1215 520 teucri
1225 469 1261 518 ia-

233 535 300 581 tetur
310 533 399 592 Collet,
411 535 473 594 sibi,
485 535 511 581 ut
521 547 631 593 persona
641 534 743 594 privatae
754 535 873 595 proderet
884 536 985 585 Senator
992 537 1086 596 duplex
1100 541 1137 586 est
1147 551 1259 599 persona,

234 603 335 662 publiea
351 605 377 650 et
393 604 496 662 privata.
512 605 585 650 Porro
599 605 625 651 ut
641 604 768 662 privatus,
783 616 827 652 seu
840 605 948 663 simplex
964 606 1040 664 ciris,
1052 606 1136 654 veudtt
1150 608 1176 654 et
1188 608 1259 654 emit.

232 668 294 729 Ergo
312 674 409 718 senator
419 667 466 730 qu'a
479 672 533 719 tuiis
544 673 666 718 secretum
681 671 803 719 revelavit
820 673 926 720 senatori
939 674 967 721 ut
982 674 1047 732 civi,
1058 676 1123 734 quod
1140 675 1259 732 injustum
1316 679 1322 686 '

232 741 341 798 uidetur.
353 739 435 788 Sihaec
446 742 507 788 ratio
519 742 585 788 nulia
596 743 640 802 sit,
653 742 678 788 in
687 742 836 790 sententiam
845 743 936 802 Coiiet,
949 744 1007 801 etc„
1019 745 1133 794 inclinor.
1142 745 1259 792 Sedabsit

231 805 298 867 qaod
309 806 369 855 adeb
380 821 454 868 grave
470 810 598 868 peceatum
608 811 744 857 committat
755 811 852 858 serrator
862 811 868 858 t
880 812 982 870 Quodsi
997 813 1099 872 iecerit,
1109 813 1169 874 quid
1180 813 1259 874 impe·-

232 875 269 932 dit
279 877 339 936 quin
350 878 375 924 in
387 878 557 935 poenitentium
575 879 621 938 ipsi
633 879 774 938 injungatur
784 879 923 928 restitutio?

264 943 296 1006 (c)
309 946 344 992 ad
362 946 541 994 restitutionem
553 950 634 994 tamen
647 959 695 996 nou
705 949 841 1007 obligatur,
853 948 873 995 si
885 950 974 996 viuum
982 949 1055 1009 quote
1066 949 1187 1010 habebat,
1195 947 1258 998 bona

230 1013 280 1062 tide
291 1015 439 1062 vendiderit.
451 1017 531 1064 Cottet.
544 1013 605 1064 Sane
617 1018 673 1076 quia
685 1017 736 1064 hac
747 1029 821 1077 prava
833 1017 960 1076 dispositio
969 1031 1016 1064 non
1028 1020 1179 1076 spectaretur
1187 1019 1213 1065 ut
1223 1019 1259 1065 vi·

232 1084 296 1132 tium
306 1084 397 1140 latenrer
408 1097 465 1132 nam
476 1085 497 1132 si
507 1087 539 1133 sit
549 1085 639 1133 vitium
648 1087 740 1143 lateus,
753 1088 874 1134 restrictio
885 1087 962 1134 Coiiet
979 1088 1043 1134 esset
1060 1087 1179 1133 contraria
1190 1088 1260 1146 prin-

233 1151 305 1211 cipiis
313 1153 339 1198 et
346 1151 427 1198 Codioi
438 1153 516 1199 civiti.
526 1171 539 1194 ιι
551 1153 583 1199 Le
593 1154 703 1200 vendeur
710 1156 748 1202 est
756 1155 815 1202 tenu
822 1155 864 1201 des
872 1155 940 1202 vices
949 1151 1051 1213 cambes,
1060 1153 1141 1213 quand
1150 1152 1230 1200 meme
1239 1154 1258 1200 ii

233 1237 248 1264 u
258 1233 289 1267 ne
299 1221 334 1271 ies
343 1221 422 1268 auroit
432 1233 475 1279 pas
484 1233 584 1270 conaus.
597 1240 609 1262 a
620 1221 628 1280 i
640 1221 698 1270 ibid
709 1221 728 1282 ).
740 1223 787 1270 Sed
805 1224 856 1270 irmr.
867 1235 941 1282 prava
955 1222 1146 1282 vinidispositio
1156 1217 1258 1268 difficili

232 1285 378 1350 probaretur
388 1289 412 1336 tn
422 1287 524 1348 judicio,
536 1295 581 1337 ue'c
592 1291 751 1350 probabiliter
761 1293 788 1338 ut
799 1292 888 1339 vitium
898 1293 976 1340 lateus
984 1292 1125 1338 haberetur.
1133 1290 1257 1338 Securitas

233 1359 373 1419 commercii
392 1358 491 1405 videtur
511 1359 610 1416 exigere
629 1361 658 1406 ut
672 1373 721 1409 nou
735 1361 860 1421 spectetur
870 1361 899 1410 ut
914 1360 1004 1410 vitium
1015 1357 1090 1423 [teti
1107 1359 1164 1408 llec
1175 1359 1257 1408 umen

232 1439 282 1477 nou
290 1426 380 1476 tollunt
389 1420 404 1473 ir
414 1439 454 1476 me
464 1438 537 1476 omae
550 1427 662 1477 dubium.

275 1598 349 1673 480.
367 1591 455 1682 Ergb
477 1597 530 1675 4⁰,
552 1620 616 1662 non
635 1594 708 1664 licet
721 1597 840 1666 secreti)
853 1597 991 1666 minuere
1013 1597 1151 1690 pondus.
1175 1592 1259 1666 meir

233 1715 359 1772 suram,
373 1714 535 1755 numerum
547 1689 587 1756 ad
598 1693 774 1780 eugendum
785 1692 917 1786 pretium
929 1706 959 1759 et
972 1691 1122 1759 vicissim.

276 1785 345 1854 Nec
355 1784 395 1852 ad
405 1809 560 1851 summum
571 1784 681 1854 saltem
692 1789 742 1875 (e)
753 1779 1104 1880 adducere'emptorem
1124 1782 1204 1854 etad
1214 1783 1258 1851 in·

233 1883 357 1961 fimum,
376 1896 457 1961 etc,
477 1879 687 1963 venditorem,
705 1910 762 1978 per
779 1881 956 1962 mendacia,
980 1879 1124 1963 fraudes,
1141 1875 1259 1946 admix-

233 1977 334 2044 tiones
343 1977 407 2062 (b),
427 1969 567 2070 quamvis
582 2001 631 2044 res
648 1978 779 2072 emptori
791 1975 902 2047 moliris
915 1976 1168 2069 {orsansoperet3
1185 1971 1259 2066 quia

235 2071 269 2140 id
285 2073 389 2165 frtlper
401 2072 552 2140 accidens.
570 2069 765 2149 Contraheus
777 2073 860 2141 enim
870 2075 919 2163 jus
929 2071 1023 2140 habet
1033 2096 1071 2139 ne
1086 2096 1142 2165 per
1156 2067 1260 2137 media

234 2167 348 2257 injusta
360 2167 529 2236 adducatur
542 2166 583 2233 ad
607 2166 761 2257 pretium,
781 2168 854 2234 licet
872 2167 952 2234 inse
968 2170 1100 2256 justum,
1125 2163 1209 2254 quod
1222 2162 1261 2228 iis

234 2259 412 2327 absentibus
425 2282 488 2324 non
501 2259 636 2325 dedisset
646 2259 710 2341 (e),
739 2259 881 2348 foretque
895 2257 1118 2326 restituendum
1130 2279 1188 2347 pro
1208 2255 1261 2320 de-

235 2353 318 2420 iectu
332 2351 424 2444 pretii
438 2350 605 2444 prudenter
619 2351 780 2417 aestimato.
1075 2363 1079 2371 “

277 2445 346 2514 Nee
360 2449 381 2511 a
400 2444 525 2513 fortiori
537 2444 643 2512 infimo
656 2444 757 2540 pretio
778 2441 913 2512 rendere
926 2456 957 2510 et
970 2439 1031 2509 sibi
1045 2437 1164 2508 occult‘e
1177 2463 1260 2508 com·

235 2566 366 2636 pensare
376 2542 441 2627 (d).

278 2635 368 2706 Raris
379 2652 481 2706 tamen
501 2639 602 2726 magis
615 2634 727 2702 usitata
741 2647 948 2704 mercatorum
968 2631 1129 2722 mendacia
1141 2629 1261 2723 injusti-

237 2731 314 2799 tiam
324 2732 447 2826 pariunt
459 2731 648 2812 effectivam,
662 2728 721 2797 nisi
732 2733 804 2822 ergit
815 2728 966 2825 quosdam
975 2728 1064 2798 bonae
1075 2727 1148 2796 fidoi
1158 2727 1257 2806 vitoe,

239 2842 292 2893 aut
305 2826 420 2896 amieos
440 2825 637 2892 confidentes.
680 2910 683 2915 Ι

264 3017 301 3080 tui
312 3017 379 3079 imo,
389 3020 418 3068 ut
428 3019 535 3077 ridetur,
545 3030 593 3066 nec
603 3017 634 3064 od
648 3015 772 3076 medium,
783 3017 804 3066 si
818 3015 850 3064 ad
865 3013 930 3064 illud
946 3026 997 3062 non
1007 3011 1147 3060 devenisset
1159 3006 1264 3068 emptor·

155 3139 157 3146 ,
232 3089 262 3138 Et
274 3085 394 3138 itbGoiiet
404 3101 460 3140 curn
472 3089 498 3138 Ρι
509 3086 635 3150 Gabrrtnt

167 3211 169 3216 ,
266 3158 300 3220 (b)
311 3159 382 3207 Tales
391 3158 435 3220 qui
446 3169 534 3218 aquam
545 3155 602 3202 iacti
613 3154 656 3201 aut
667 3152 739 3210 rino,
750 3152 837 3200 vinum
853 3150 937 3198 album
948 3148 1005 3198 virro
1016 3147 1096 3196 inusto
1109 3142 1164 3208 (rou
1173 3145 1200 3192 dc
1208 3139 1264 3203 cte),

234 3241 298 3278 cerm
307 3229 389 3290 picem
399 3229 443 3276 aut
450 3226 535 3274 sebum
546 3222 686 3270 immiscent
696 3219 766 3284 [totid
776 3216 818 3282 oi.

269 3297 359 3357 secus,
376 3296 492 3360 inquiunt
502 3292 617 3350 iiiituart,
635 3293 716 3348 Dens,
726 3292 753 3336 P.
766 3290 821 3337 Ant.
833 3281 847 3335 a
857 3285 966 3346 coritis,
978 3284 1038 3343 ete,
1051 3284 1073 3332 si
1091 3279 1179 3343 panim
1196 3290 1266 3340 aqum

146 3389 152 3394 ·
236 3365 294 3412 uiuo
308 3365 509 3415 extraordinariae
521 3361 651 3421 bonitatis,
662 3362 688 3408 et
705 3353 719 3406 i
730 3358 824 3409 fortiori
835 3356 922 3404 viuum
933 3355 1001 3403 atiud
1016 3355 1072 3400 iere
1084 3351 1267 3406 immisceatur,

236 3432 308 3482 uredo
319 3435 445 3484 remaneat
454 3429 523 3494 mque
535 3433 626 3480 bonurn
637 3443 665 3478 ac
675 3430 738 3476 alia:
750 3423 814 3476 unde
824 3426 845 3474 si
857 3439 889 3474 ex
900 3424 1077 3474 commixtione
1091 3422 1186 3470 nulium
1198 3418 1267 3464 darn-

236 3517 297 3552 num
315 3503 414 3550 eveniat
431 3500 535 3560 emptori
551 3499 595 3560 (ut
611 3499 632 3546 si
642 3495 692 3544 tale
702 3497 788 3544 vinum
806 3508 854 3542 non
867 3494 1014 3542 divendatur
1025 3490 1055 3539 ad
1066 3490 1213 3536 medicinam
1224 3483 1267 3530 aot

237 3567 322 3620 addid
333 3565 546 3628 conservandum),
557 3567 639 3626 posset
648 3565 770 3612 diminuto
779 3565 870 3624 pretio,
880 3564 933 3611 sine
944 3561 1076 3609 violatione
1086 3556 1189 3634 justitior
1199 3564 1266 3599 eorn-

237 3641 374 3697 rnutatirae,
391 3651 430 3685 res
441 3637 481 3684 iiia
492 3637 569 3684 rnixta
581 3633 661 3682 'renti
671 3633 708 3680 uti
718 3633 827 3680 decisum
839 3633 876 3681 est
892 3627 906 3678 d
924 3630 1039 3678 facultate
1056 3625 1189 3702 Parisrener'
1201 3630 1265 3666 anuo

238 3711 312 3769 diod,
331 3708 413 3768 inquit
428 3709 455 3753 P.
477 3706 533 3755 Aut.
553 3699 689 3765 dGorttii,
702 3699 775 3750 modo
790 3700 934 3749 indifferens
948 3697 982 3744 sit
991 3693 1095 3753 emptori
1105 3691 1264 3746 teterrinum,

238 3795 264 3830 r.
274 3793 308 3840 32,
320 3780 362 3826 aut
372 3776 440 3826 aitud
451 3775 552 3822 trabere.

268 3847 384 3897 seducta
395 3860 402 3893 a
412 3845 485 3892 fl'ales
493 3842 660 3904 admixtiones
668 3831 882 3908 adhibenspontrs
891 3836 980 3884 borram
990 3830 1063 3879 fidem
1074 3827 1161 3905 peccat
1170 3823 1266 3872 et‘eorr-

238 3913 276 3969 ori
287 3916 426 3968 societatem
437 3927 491 3976 que
501 3913 553 3962 baeo
563 3911 670 3974 praviter
676 3910 756 3974 punit.
770 3902 837 3967 Saepe
850 3905 924 3952 etiarn
934 3901 990 3950 tluts
998 3899 1028 3946 ab
1036 3899 1145 3958 emptore
1155 3893 1267 3944 autentus
