2964 4674
227 333 231 344 ’
307 347 374 440 176
558 357 1077 420 nnsnrutnonnmennro

345 454 380 524 si
398 469 503 542 temen
522 450 767 530 administrator,
789 446 932 529 maritus,
946 469 1044 538 vsgr.
1061 442 1202 529 (elidem
1220 438 1272 510 dic
1292 442 1336 512 da

301 545 676 642 sustentavimus),
706 567 773 610 rem
796 541 837 610 sit
854 541 1075 634 dissipaturus,
1104 537 1190 606 aiunt
1214 539 1333 632 passim

302 644 413 716 merito
430 665 497 710 eam
516 639 651 734 pensatis
675 635 932 718 circumstantiis,
959 645 1030 704 esse
1052 633 1195 712 domino,
1219 630 1329 712 uxori,

302 769 332 809 v.
341 760 403 830 gn,
412 737 545 806 maxime
556 735 584 804 si
595 734 635 804 sit
648 733 792 829 provide,
803 731 920 826 potius,
932 733 1169 826 accepti-tamen
1177 729 1331 814 cautione,

300 835 533 906 restituendam.

330 994 367 1055 (u)
379 989 511 1038 Restitutio
522 987 637 1036 censetur
644 981 727 1034 debite
739 984 803 1033 facta
815 981 915 1030 domino
926 978 984 1030 edm
995 981 1023 1029 bt
1031 981 1110 1042 ipsius
1121 980 1243 1028 bonorum
1253 979 1331 1030 adrni-

299 1059 423 1108 uistratori
434 1092 441 1115 ,
452 1058 495 1105 aut
505 1056 658 1118 negotiorum
670 1055 775 1116 gesturi,
794 1049 865 1100 modo
877 1053 901 1098 ¹⁰
914 1051 1045 1099 moneatur
1055 1051 1170 1097 dominus
1181 1049 1212 1098 de
1230 1057 1330 1100 restitu-

300 1131 365 1178 tione
375 1129 422 1187 ipsi
434 1125 497 1174 insti
505 1139 512 1184 3
521 1122 592 1173 modi>
603 1125 629 1172 2⁰
640 1125 703 1171 nibil
712 1117 806 1180 obstet,
821 1135 846 1170 v.
858 1129 905 1180 qn,
923 1121 1030 1184 suspicio
1041 1133 1073 1168 ne
1092 1127 1190 1167 resnou
1201 1122 1330 1180 perveniat

299 1194 330 1246 ad
340 1198 476 1246 donunum.
488 1199 560 1244 bene.
568 1194 706 1241 Curandum
716 1191 773 1251 ergb
784 1195 812 1238 ut
822 1201 917 1238 summa
934 1189 960 1237 in
970 1186 1080 1249 registris
1092 1187 1102 1251 (
1113 1190 1196 1239 comet
1206 1193 1245 1238 der
1259 1195 1331 1240 recet-

299 1271 331 1314 tee
342 1263 350 1326 )
363 1265 521 1312 inscribetur.
529 1263 578 1310 Sed
585 1258 649 1327 saepd
661 1261 742 1308 forsan
754 1259 881 1308 videretur
891 1253 973 1306 adbiro
984 1257 1122 1307 mouendus
1130 1260 1251 1306 dominns.

330 1331 364 1395 (b)
376 1331 446 1390 Qu'od
461 1332 481 1379 si
493 1331 632 1380 minorenni
644 1331 706 1376 taeta
718 1327 852 1387 restitutio,
864 1328 890 1378 in
902 1325 981 1387 ipsius
992 1328 1165 1376 necessitatem
1173 1330 1215 1376 eut
1224 1340 1329 1376 commo-

297 1403 400 1450 ditatem
418 1414 467 1449 non
487 1401 603 1458 cesserit,
622 1397 711 1446 iterati)
730 1397 913 1445 bestituendum
929 1397 993 1444 foret
1011 1393 1077 1458 [trib
1088 1395 1108 1460 ].
1122 1393 1158 1444 nt
1182 1399 1280 1459 plures,
1303 1401 1329 1449 et

298 1471 461 1525 eommmdter
472 1468 482 1534 (
493 1469 550 1518 reti
561 1467 580 1531 ).
592 1470 684 1516 Cetera
695 1468 753 1518 vide
773 1469 833 1515 sect.
852 1469 875 1526 t,
890 1479 944 1527 cap.
964 1469 989 1524 5,
1005 1468 1045 1516 tit.
1063 1469 1092 1528 5,
1111 1469 1157 1516 lib.
1175 1467 1199 1527 5,
1211 1470 1266 1517 eod.
1279 1471 1327 1518 civ.

746 1555 858 1568 -n—

340 1605 411 1692 589.
430 1602 466 1669 Si
481 1599 623 1668 dominus
637 1623 699 1666 non
714 1591 927 1690 cognoscatur,
943 1598 993 1680 vel
1005 1597 1144 1668 absolute
1155 1601 1326 1692 ignoratur,

297 1697 346 1765 vei
361 1697 464 1764 solum
477 1696 636 1786 ignoratur
648 1692 718 1786 quis
732 1693 773 1761 sit
787 1692 987 1786 expluribus.

338 1791 377 1876 Si
394 1791 493 1886 prius,
518 1788 703 1882 generaliter
718 1785 885 1881 loquendo,
912 1813 961 1857 res
976 1788 1082 1856 debita
1106 1790 1140 1856 in
1162 1815 1236 1862 usus
1260 1793 1328 1888 pios

296 1886 503 1984 impendenda
515 1877 571 1968 ost,
583 1885 665 1955 facti
676 1883 763 1977 priris
778 1883 922 1976 diligenti
937 1899 967 1952 et
981 1883 1026 1951 rei
1038 1886 1182 1970 gravitati
1198 1914 1328 1985 propor-

297 1979 413 2056 tionaid
437 1980 555 2050 domini
580 1997 632 2049 aut
661 1981 728 2070 ejus
755 1978 915 2068 heredum
945 1979 1143 2072 inquisitione
1169 1985 1260 2075 [3942
1275 1990 1324 2072 a].

296 2073 487 2156 'Palis'euim'
505 2077 702 2171 praesumitur
722 2075 865 2163 voluntas
893 2074 1022 2145 domini.
1047 2075 1111 2144 Sed
1122 2079 1327 2172 praeferendre

296 2184 395 2242 eausae
406 2175 480 2266 piae,
498 2197 661 2265 pauperes,
673 2199 704 2240 v.
720 2197 771 2260 gr.
784 2215 792 2254 ,
807 2171 870 2238 loci
881 2170 1010 2252 domini,
1021 2168 1049 2238 si
1060 2191 1261 2262 cognoscetur
1276 2178 1326 2246 iric

295 2268 391 2334 locus.
477 2327 480 2334 .
811 2285 818 2322 ί
876 2280 901 2335 ἕ

337 2359 498 2450 Inquisitio
513 2348 549 2425 iit
564 2355 736 2447 sumptibus
760 2382 798 2422 ex
821 2382 856 2424 re
869 2355 1058 2424 restituendi
1078 2358 1283 2448 deducendis,
1298 2368 1325 2434 si

292 2455 456 2526 restituens
470 2453 551 2521 hond
561 2451 623 2519 fide
636 2449 828 2542 posscsserit.
847 2450 931 2532 Suis,
947 2451 974 2518 si
985 2452 1133 2539 mald(b).

284 2547 286 2574 ³
335 2549 371 2623 Si
390 2548 569 2643 posterius:
590 2546 643 2614 vel
663 2544 743 2613 inter
764 2569 880 2639 paucos
900 2547 1042 2617 dominus
1063 2549 1185 2639 ignotus
1196 2565 1254 2637 est,
1271 2555 1321 2624 vel

233 2645 238 2654 ’
293 2645 375 2715 inter
388 2641 515 2713 multos.
555 2699 558 2704 ,
1060 2733 1062 2738 ,

335 2741 370 2809 Si
382 2741 461 2808 inter
474 2763 601 2835 paucos,
617 2753 681 2808 tres
695 2753 865 2833 quatuorve
874 2741 918 2827 (e)
934 2747 984 2809 res
995 2752 1042 2810 est
1055 2741 1136 2810 inter
1150 2741 1235 2838 ipsos
1246 2744 1322 2814 divi·

292 2835 394 2904 dcn‘da
407 2861 465 2930 pro
480 2834 599 2902 ratione
614 2833 715 2917 dubii,
734 2833 784 2904 vel
796 2861 865 2904 cam
879 2853 962 2906 sorte
974 2836 1103 2924 jaciant,
1120 2853 1173 2907 aut
1190 2839 1321 2910 arbitrio

290 2931 403 3023 judicis
418 2953 485 2998 rem
501 2944 599 2999 totam
614 2931 818 3002 committent.

333 3026 370 3095 Si
384 3025 463 3094 inter
480 3024 593 3094 multos
607 3025 697 3095 unius
711 3026 801 3119 pagi,
816 3054 849 3095 v.
861 3051 925 3118 gn,
937 3025 1082 3108 civitatis,
1097 3029 1276 3121 provineiae,
1287 3048 1321 3101 ut

291 3121 324 3190 in
337 3123 452 3212 injusti
468 3120 698 3214 depraedatione
711 3121 829 3203 hostili,
844 3120 877 3208 in
889 3121 1116 3190 venditionibus
1131 3123 1320 3196 multitudini

291 3218 394 3300 iestis,
409 3217 514 3312 inique
524 3245 556 3284 v.
571 3242 634 3308 gn,
652 3218 853 3310 ponderando
867 3233 920 3284 aut
933 3220 1152 3302 mensurando,
1168 3221 1320 3291 restitutio

291 3315 434 3384 iacienda
459 3329 505 3381 est
526 3313 620 3382 modo
642 3313 764 3383 meliori
782 3313 936 3410 possibili.
950 3314 1080 3383 Summa
1095 3313 1228 3424 proinde
1243 3319 1319 3386 divi-

289 3410 392 3477 denda
405 3434 463 3501 pro
481 3410 559 3486 reti,
575 3408 602 3477 si
617 3409 684 3477 fieri
698 3410 796 3504 possit
810 3425 840 3478 ct
860 3409 1057 3502 incommoda
1071 3410 1231 3481 divisionis
1250 3412 1319 3501 jura

290 3501 481 3598 singulorum
498 3501 591 3594 longis
611 3529 673 3572 non
700 3507 860 3576 excedant.
886 3499 923 3573 Si
944 3506 1028 3574 eninr
1047 3504 1138 3596 longe
1152 3507 1316 3580 excedent,

288 3595 435 3689 praesurni
448 3596 560 3664 merito
570 3613 671 3690 potest
688 3625 872 3670 eorumesso
883 3601 1070 3670 voluntatem
1084 3602 1167 3692 quod
1176 3597 1319 3690 pauperi·

289 3693 347 3770 bus
360 3689 412 3756 vel¹
421 3689 558 3759 ecclesiae
569 3693 629 3762 loci
639 3695 688 3763 sui
702 3696 891 3765 restituatur.
989 3773 993 3776 ,

297 3839 300 3850 .
331 3783 395 3854 Sed
406 3783 692 3944 ipsilcommunitati
705 3790 928 3860 restituendum
941 3790 968 3858 si
985 3787 1046 3882 ipsi
1059 3803 1093 3856 ut
1104 3786 1159 3856 uli
1174 3787 1256 3855 sacta
1274 3789 1315 3856 sit

288 3878 457 3971 injustitia(
482 3887 505 3964 ).
1215 3901 1217 3906 '
