2964 4674
481 356 490 390 „
554 311 790 377 accersire.
880 373 885 380 .
955 357 958 362 .
1117 295 1204 390 253x

155 402 300 475 occidunt
309 399 491 498 mutilantre
505 400 636 471 inbelle
649 403 731 493 justo
743 397 887 496 quidem,
900 397 957 470 sed
971 389 1083 472 salicia·
1092 391 1189 474 offen·

155 498 248 585 sivo(
269 501 298 584 ).
567 583 568 586 ¹
895 501 903 514 '
957 560 961 566 ,
1193 523 1198 532 ’

195 593 303 664 liubit
324 594 404 661 verd'
425 607 495 660 sunt
519 589 626 682 iidem?
638 587 825 680 irregulares
839 589 894 684 qui
906 583 1048 660 dubitant
1061 593 1186 667 ariftuirr

152 689 328 760 occiderint
349 703 402 756 aut
416 685 635 764 mutilaverint;
1152 693 1154 699 ⁴
1194 687 1197 704 ³

195 783 241 856 Et
254 784 307 878 qui
322 783 488 878 imperant,
504 781 560 850 etsi
576 806 640 848 non
653 777 795 848 occidant
805 775 864 868 (d).

197 879 265 951 Sed
279 878 466 970 irregulares
482 901 544 944 non
555 883 625 944 sunt
641 877 697 969 qni
713 875 747 942 in
760 875 843 943 bello
856 878 938 966 justo
952 874 1022 944 aliis
1039 871 1187 958 occideu-
1204 939 1206 944 .

153 973 240 1043 tibus
251 974 355 1042 ierunt
369 997 457 1065 opem
472 971 585 1048 sehim,
599 987 631 1039 ¹et
642 971 696 1064 qui
711 970 839 1038 inbelle
858 969 1016 1038 defensito
1030 967 1186 1052 occidunt,

140 1079 195 1137 'ne
206 1069 397 1146 occidantur,
413 1065 475 1134 nisi
489 1065 523 1132 in
536 1065 635 1134 aciem
650 1065 789 1132 venerint
802 1065 906 1132 animo
915 1065 1090 1163 praeliandi.
1169 1135 1173 1144 ,

197 1163 272 1250 Irni),
282 1163 315 1230 iu
324 1161 584 1253 irregularitatem
596 1187 657 1228 non
670 1160 799 1228 incurrit
812 1161 878 1252 qui,
894 1187 963 1230 curu
977 1158 1188 1229 moderamine

155 1257 320 1354 inculpatae
334 1257 449 1340 tutelae,
461 1257 503 1324 ad
516 1257 613 1326 vitam
627 1251 773 1326 tuendam
786 1256 900 1324 occidit
918 1255 1099 1326 auctoritate
1115 1281 1188 1350 pro-

157 1355 293 1452 priate).
348 1415 350 1422 s

188 1522 224 1590 (o)
236 1525 261 1574 Si
272 1519 389 1586 spiren
398 1520 461 1572 itiud
470 1521 595 1574 venerint.
606 1523 718 1572 iiriiuort.

185 1597 238 1662 tion
250 1597 400 1644 conueniunt
411 1590 470 1642 niun
482 1593 548 1642 idern
559 1593 707 1652 dicendum,
717 1591 740 1640 si
750 1589 844 1640 beilum
855 1593 888 1640 ait
897 1573 1061 1644 decendium

187 1663 223 1726 (t)
235 1660 286 1712 imi
297 1664 410 1712 suiiicere
419 1660 756 1723 videturquddiuteriuerint
765 1658 936 1723 pupuaaiuquai
944 1662 1023 1724 aliqui
1034 1660 1110 1710 occisi
1118 1661 1184 1708 suni.

155 1733 226 1794 Quod
236 1737 330 1780 certum
344 1734 399 1782 est.
410 1735 431 1780 si
440 1733 534 1785 ireiium
546 1729 579 1780 sit
592 1731 722 1788 injustum.
734 1733 806 1778 urar.
1056 1738 1058 1744 ’
1221 1777 1224 1783 ,

189 1799 221 1863 (ε)
231 1801 300 1848 iiodo
310 1813 363 1848 sese
371 1793 421 1848 'uon
433 1800 589 1848 constituerit
599 1799 625 1846 in
637 1798 783 1846 necessitate
794 1797 923 1846 occidendi
933 1799 976 1847 ant
986 1797 1108 1846 moriendi
1117 1831 1124 1859 ‚
1134 1797 1183 1845 hoc

156 1871 294 1932 previdere
304 1871 410 1931 potens,-
422 1881 468 1918 nec
477 1869 553 1930 possit
563 1867 657 1927 furere.
669 1863 721 1914 imo
732 1862 805 1925 juxt'a
815 1869 842 1914 P.
863 1868 920 1916 Ani·
932 1863 946 1916 a
957 1865 1066 1930 duritie,
1086 1869 1122 1920 iu⁴
1130 1869 1185 1926 itui:

156 1939 208 1988 iam
220 1939 425 1998 irregularitatem
437 1939 579 1998 incurrunt,
589 1938 664 1984 etiam
675 1937 761 1986 clerici
780 1937 806 1982 in
827 1937 892 1984 beiiu
903 1934 1029 1984 deienaivo'
1046 1948 1090 1996 pro
1106 1935 1184 1994 patrii

156 2009 308 2070 pugnantem
318 2005 383 2064 iusta
392 2007 459 2052 onim
468 2005 577 2052 defensio
593 2006 631 2052 est
640 2002 671 2052 de'
682 2004 738 2062 inre
749 2006 852 2052 natura.
861 2005 910 2052 Sed
920 2005 992 2053 inuiti
1004 2002 1098 2052 corririt.
1115 2009 1121 2016 “
1250 2011 1252 2016 “

188 2069 257 2124 Circi
267 2087 321 2136 quae
332 2077 432 2122 consule
442 2077 567 2133 auctores,
584 2071 643 2122 treet
659 2087 707 2120 nou
717 2070 790 2121 iae-iile
801 2074 980 2133 conciliandos,
992 2070 1042 2120 imo
1055 2073 1082 2121 in
1096 2073 1184 2122 moitis

155 2141 199 2196 iric
212 2144 373 2204 disputantes.
384 2145 412 2190 in
422 2143 505 2202 dubiis
513 2141 633 2200 iudicabit
644 2143 776 2202 Episcopus
787 2143 827 2190 rei
838 2143 1001 2206 dispensabit.
1052 2165 1055 2169 ·
1105 2200 1107 2204 ¹

187 2214 301 2268 Notai⁰=
311 2213 357 2272 Qui
368 2211 465 2261 duiritat
475 2225 506 2259 an
517 2212 569 2278 sire
580 2212 607 2259 in
618 2213 696 2271 beiio,
708 2213 761 2263 sire
773 2208 843 2260 extri
860 2213 969 2272 beilum,
980 2213 1130 2273 excesserit,
1141 2213 1185 2262 dc‘

156 2282 283 2334 tendendo
290 2295 326 2341 se,
337 2283 493 2330 moderamen
503 2281 635 2342 inculpatae
645 2283 744 2341 tuteiae,
762 2275 986 2342 dispensationeml
1001 2283 1090 2331 saitem
1104 2279 1184 2332 tuiir'u

156 2347 336 2416 petaredelret.
510 2373 538 2392 .·
769 2374 773 2380 -
876 2379 878 2384 .
1000 2359 1002 2364 ’
1222 2348 1225 2354 ’

186 2420 373 2470 2⁰·ciementtna
382 2419 540 2468 dciromicidr'o
551 2453 558 2480 ‚
570 2431 619 2467 non
634 2419 723 2467 eximit
733 2421 763 2466 air
773 2419 953 2480 irregularitate
966 2431 1023 2468 eum
1034 2419 1077 2480 qui
1094 2417 1125 2468 ad
1143 2421 1181 2468 ai-

156 2489 234 2538 terius
244 2489 321 2536 vitam
332 2487 477 2537 servandam
493 2489 601 2546 oceidit,
615 2487 658 2554 sed
670 2485 747 2536 soiiuu
758 2491 801 2548 qui
820 2489 852 2536 ad
870 2489 1003 2551 propriam.
1022 2485 1115 2552 Excipe
1126 2503 1156 2550 pr

156 2555 272 2620 buciliis,
281 2559 329 2607 nisi
335 2559 391 2618 iure
402 2560 496 2612 natiuae
507 2557 623 2606 teneatur
634 2558 757 2607 occidere.
766 2559 846 2607 Coltci.
1150 2581 1151 2584 ¹

1230 1321 1246 1352 1

197 2706 273 2794 6ᾕ6.
296 2703 382 2794 Ergd
405 2707 439 2770 3⁰
454 2703 475 2768 e
487 2704 605 2782 contra,
618 2699 805 2794 irregulares
815 2727 877 2782 non
890 2716 961 2776 suut
974 2701 1045 2770 laici
1055 2704 1182 2776 medici·

155 2823 229 2868 nam
239 2814 292 2866 aut
306 2797 494 2889 chirurgiam
508 2811 682 2865 exercentes
694 2797 782 2886 juxti
795 2798 870 2867 artis
880 2797 1013 2888 regulas,
1030 2799 1086 2870 etsi
1097 2827 1181 2872 mors
1282 2869 1289 2885 ,

153 2911 321 2987 sequatur,
568 2979 569 2984 ἵ
936 2947 939 2955 .

195 2990 266 3058 Nec
286 2987 410 3071 clerici,
433 2986 511 3056 citri
533 3001 638 3054 tamen
661 2987 841 3056 incisionem
863 2989 912 3074 (a)
928 3003 958 3058 et
975 2989 1178 3064 adustionem.

154 3109 225 3178 quae
236 3085 292 3166 eis,
310 3085 337 3152 si
349 3084 522 3172 majeribus
536 3080 698 3154 ordinibus
711 3083 824 3152 initiati
844 3085 917 3166 sint,
937 3087 957 3152 a
977 3083 1179 3157 Lateraneusi

156 3185 344 3259 ivetantur.
974 3216 976 3220 r
1253 3179 1259 3195 ¹

132 3311 140 3318 -
198 3270 317 3380 Excipe
331 3295 434 3338 casum
444 3269 654 3356 necessitatis,
671 3270 722 3340 vel
746 3270 774 3338 si
790 3271 890 3340 soldm
905 3269 1061 3340 consulant
1084 3274 1180 3369 impe-

157 3382 263 3438 rentre
287 3365 466 3434 incisionem
489 3380 541 3434 aut
563 3367 774 3452 adustionem,
799 3384 852 3436 aut
874 3366 1055 3460 chirurgum
1079 3361 1179 3452 solum

155 3463 313 3553 adjurent.
1175 3467 1199 3498 ·“

195 3555 318 3652 Excipe
331 3551 432 3624 adhirc
449 3553 577 3632 ⁸clericos
590 3556 644 3650 qui
658 3562 699 3626 ad
719 3557 907 3630 curationem
927 3557 1101 3626 membrum
1115 3585 1179 3628 am·

153 3666 275 3748 putant,
298 3650 591 3744 moddmorsnon
611 3668 768 3745 sequatur.
793 3651 945 3744 Quamvis
960 3653 1042 3721 enim
1055 3671 1178 3750 peccent

154 3763 228 3816 tunc
240 3750 348 3817 contra
360 3745 581 3830 Lateranense,
596 3763 700 3818 tamen
714 3775 776 3818 non
787 3747 947 3826 marilian
965 3751 1083 3818 curatio
1098 3751 1178 3818 enirn
1221 3751 1223 3756 ’

155 3866 218 3914 noa
231 3857 276 3914 est
290 3841 454 3914 mutilatio.
1219 3859 1223 3864 '
