2950 4680
291 249 368 342 ,286
447 273 502 326 ors
522 271 680 338 Qurnro
704 275 753 326 nr
775 273 919 326 suune
936 273 1177 328 ermenero

294 363 337 410 tur
345 360 371 408 in
379 359 495 422 paracliti
505 360 665 424 impudicitiae
673 361 739 410 inter
747 361 972 420 intentesldcilccs,
982 363 1216 423 wiremutensis.
1225 362 1273 412 Sed
1280 363 1327 415 bic

293 441 343 478 non
361 430 430 478 sistat
447 421 628 489 interrogando.
639 425 698 476 Ntrn
710 433 735 478 et
746 431 794 478 alia
805 431 881 478 irruite
892 441 948 490 quae
959 430 1097 478 castitatem
1108 429 1159 487 inst
1167 434 1192 480 et
1207 433 1326 481 bonesto-

292 499 344 546 tem
355 495 495 548 nullatenus
509 499 615 558 laedunt,
630 493 680 546 imi
691 497 822 559 aliquandi)
833 501 908 547 merse
927 510 1013 560 nugae,
1025 499 1100 547 simili
1118 500 1218 548 nomine
1237 501 1328 561 appel-

171 618 180 636 ,
256 603 257 606 ,
293 567 385 618 tantur.

323 637 359 702 (bl
371 639 433 686 item
444 629 574 698 aliquandi
586 635 606 684 si
618 632 721 696 abrupte
733 635 847 685 dicatur:
858 629 944 687 Fecisti
951 637 999 685 brec
1011 652 1019 685 .·
1031 625 1093 686 iortd
1105 637 1171 686 enlm
1182 637 1322 698 interroga-

290 707 359 756 tione
375 705 472 755 attoniti
491 705 628 753 tolerentur
650 701 734 754 contris
754 701 905 764 rnentem3tl
924 706 1020 754 fortiori
1040 705 1061 754 si
1073 707 1195 754 addatur:
1212 709 1323 767 quoties!

290 777 360 836 quasi
370 770 516 822 aliirmative
525 775 691 834 respondisset
702 773 791 822 inians.
804 775 956 822 Discretione
969 771 1026 833 ergb
1037 775 1112 823 inulti
1124 788 1186 835 opus
1194 778 1268 824 estut
1278 776 1321 824 ad·

290 845 407 894 bibentur
418 843 458 891 bic
473 843 560 891 modos
582 843 748 904 interrogandi
757 857 831 904 quein
847 843 1061 892 traditiietbodus
1079 845 1209 894 Bisuntina
1227 846 1254 892 et
1272 858 1323 894 uon

290 915 364 975 pauci
375 912 463 972 optimi
476 907 576 960 aliunde
586 915 741 974 predicantes
755 913 859 962 imbcnt.

321 983 400 1029 Notas
412 982 437 1029 l⁰
447 979 582 1042 Aliquando
588 982 683 1030 malitia
695 982 934 1042 praevenit'aetatem.
945 981 1109 1029 inveniuntur
1119 980 1196 1042 eninr,
1207 983 1324 1042 quamvis

290 1047 358 1110 rard,
370 1051 541 1110 masculi,‹1ui
555 1045 569 1097 a
580 1050 702 1098 decennio
712 1052 819 1112 puberes
830 1051 900 1110 sunt,
918 1051 1154 1110 fornicationemque
1166 1051 1324 1100 consummat·

289 1122 358 1168 runt.
369 1120 398 1168 Et
409 1119 586 1180 inveniuntur,
596 1118 638 1166 sed
648 1131 698 1166 non
708 1115 770 1166 adet
780 1115 844 1178 rard,
856 1119 1015 1180 puellasque,
1026 1119 1139 1180 quamvis
1150 1131 1199 1167 non
1213 1120 1321 1181 nubiles,

287 1183 338 1247 jam
359 1179 419 1237 lieni
430 1184 444 1236 is
455 1187 591 1247 decennio,
601 1185 667 1248 imis,
686 1183 700 1235 t
714 1187 845 1248 septennio
859 1188 1011 1248 voluptatem
1022 1187 1187 1247 experiuntur
1195 1189 1323 1238 carnalem

289 1259 467 1319 sensibilesque
476 1269 596 1306 venereos
607 1255 687 1304 motus
693 1257 742 1305 sibi
753 1269 798 1318 per
805 1257 895 1316 tactus,
910 1258 984 1306 situm
995 1256 1113 1316 corporis,
1123 1255 1244 1304 ternorum
1255 1269 1323 1306 com·

288 1327 450 1388 pressionem,
461 1325 668 1386 otc-,procurant
679 1325 727 1372 Sed
736 1321 793 1372 crim
803 1325 856 1372 baec
864 1337 914 1372 nou
923 1325 1062 1373 communia
1072 1324 1131 1384 siut,
1141 1324 1218 1372 multi
1229 1325 1323 1375 discre-

288 1395 357 1443 tione
367 1395 486 1443 utendum
494 1396 523 1444 ut
530 1394 684 1454 detegantur,
690 1393 709 1440 si
724 1394 793 1441 locus
802 1393 836 1441 sit
845 1404 876 1440 ea
886 1393 1073 1454 suspicandi,ue
1084 1393 1319 1452 anteainnocentes,

289 1465 404 1524 eradant,
414 1465 467 1512 baec
475 1462 604 1523 tentando,
616 1463 761 1523 culpabiles.
963 1497 971 1504 .

319 1532 345 1580 2⁰
356 1531 463 1593 Expedit
472 1526 577 1579 mettim
587 1533 616 1579 ut
626 1531 733 1580 inientes
746 1527 861 1578 eumdem
872 1528 962 1580 adeunt
972 1528 1161 1590 mnlessarium,
1173 1531 1216 1591 qui
1226 1530 1319 1592 presso

288 1600 379 1650 lrabeat
388 1613 474 1649 eorum
482 1600 637 1648 conscientie
647 1600 754 1658 statum,
765 1598 883 1658 indolem,
895 1594 1000 1648 alelmo
1011 1599 1037 1648 et
1048 1600 1150 1660 expedit
1160 1602 1188 1649 ut
1196 1601 1321 1655 contessa·

287 1669 341 1719 rius
351 1667 515 1718 caracteribus
525 1669 572 1716 sibi
588 1665 634 1716 soll
644 1667 725 1727 notis,
736 1661 870 1714 iniantiurn
885 1668 987 1716 illorum
1003 1667 1103 1716 nomina
1114 1669 1141 1716 et
1148 1670 1239 1717 statum
1258 1683 1319 1718 con-

287 1739 397 1786 scientie
407 1730 684 1797 denotet,nelastidiost
693 1735 885 1794 eademsemper
893 1735 924 1782 ab
932 1737 969 1783 eis
979 1733 1238 1796 inquirat3sedsoli1m
1249 1737 1320 1788 iden-

287 1803 383 1865 tidem,
398 1804 445 1853 hoc
462 1804 557 1852 habens
567 1801 616 1851 alti
626 1803 710 1851 menta
720 1803 847 1864 repostum
856 1799 922 1864 quod
932 1800 996 1864 saepe
1008 1815 1056 1851 non
1069 1805 1118 1852 nisi
1129 1805 1156 1852 in
1165 1805 1252 1868 quarti
1262 1819 1320 1857 sex-

241 1889 248 1901 ·
286 1870 343 1922 taso
360 1871 513 1921 confessione
530 1871 561 1919 ad
571 1871 674 1933 quaesita
691 1867 789 1919 sincere
800 1872 978 1930 respondeant,
990 1873 1016 1920 et
1030 1871 1163 1934 aliquandi>
1178 1871 1315 1936 nunquam.

213 1985 219 1993 .
286 1941 441 2003 Quapropter
448 1941 583 1992 ‚variandus
593 1940 680 1990 modus
690 1940 867 2001 interrogandi.
886 1938 991 1988 Aliunde
1003 1943 1144 1990 innocentia
1158 1956 1207 1991 non
1218 1957 1318 2006 semper

286 2011 368 2059 durat.
380 2010 446 2070 Quot
465 2009 628 2058 inveniuntur
638 2009 681 2070 qui
691 2009 718 2057 in
732 2009 820 2071 primis
840 2009 1032 2057 confessionibus
1045 2010 1189 2060 innocentes
1208 2015 1317 2074 reperti,

215 2111 220 2117 -
286 2080 320 2128 ali
356 2079 527 2140 otpostaunis
540 2077 815 2136 jamreiinseuiuutur
843 2079 991 2142 possentque
1007 2081 1123 2128 accusare
1141 2081 1317 2132 comessurum

287 2093 429 2216 deducenti
437 2135 594 2197 confidentia.
818 2123 828 2157 ³

329 2325 402 2404 7l2.
422 2312 507 2380 Cium
520 2311 719 2382 inveniuntur
732 2311 786 2406 qui
803 2312 836 2380 in
849 2313 993 2382 mortalia
1005 2313 1087 2410 lapsi
1099 2329 1181 2400 sunt,
1194 2341 1257 2384 non
1269 2315 1318 2406 ju·

286 2408 411 2478 dicandi
429 2412 535 2476 statim
560 2431 687 2502 capaces
712 2406 927 2492 absolutionis,
945 2433 998 2478 seu
1024 2410 1127 2504 potiris
1152 2417 1257 2480 statim
1274 2415 1318 2482 ad

207 2495 217 2508 ’
285 2503 373 2574 iliam
397 2502 552 2598 dispositi,
577 2501 734 2570 ordinarie
759 2501 932 2596 loquendo;
952 2503 1027 2598 quia
1050 2505 1204 2574 absolutio
1217 2506 1317 2575 multa

286 2599 418 2694 requirit
449 2624 519 2694 quas
546 2623 610 2666 non
636 2597 782 2694 supponit
810 2625 933 2692 semper
960 2598 1125 2707 capacitas
1143 2602 1316 2671 mortalitor

226 2683 235 2698 ⁸
285 2693 445 2790 peccandi.
468 2691 533 2762 Vix
549 2695 623 2786 ergd
641 2694 776 2762 secundat
789 2710 842 2761 aut
860 2693 953 2762 tertiat
977 2721 1045 2763 vice
1067 2697 1129 2787 qud
1151 2695 1315 2764 audientur

244 2821 251 2832 ·
285 2789 408 2858 absolvi
418 2790 607 2883 poterunt,si
617 2788 720 2858 adbuc
729 2789 790 2857 sint
800 2789 939 2858 infantiae
949 2789 1203 2884 proximiOmui
1211 2807 1315 2860 autem

285 2901 395 2955 conatu
405 2883 649 2979 praeparandiad
659 2885 896 2968 absolutionem,
908 2911 977 2979 quae
987 2887 1183 2980 impertietur
1193 2893 1265 2958 siun
1275 2888 1317 2959 de

286 2977 1317 3077 eorumsinceritatc,emendationeetcontritione,excorumprae-

285 3079 394 3146 sertim
403 3075 516 3146 mentis
531 3077 773 3160 considerantia,
788 3076 939 3146 constabit
950 3077 1013 3164 (a),

315 3267 352 3334 (a)
362 3264 398 3320 ita
408 3266 461 3320 lert
471 3268 598 3318 lletirodus
608 3269 735 3318 bisuntina
743 3269 797 3331 post
808 3268 927 3340 Salesium
939 3270 965 3318 in
976 3270 1192 3320 constitutionibus
1202 3270 1315 3329 ecclesie

284 3340 441 3398 metensis.
449 3335 615 3388 Seddcontri
625 3341 740 3388 manuale
751 3339 862 3399 eiusdem
872 3340 986 3388 diocesis
995 3337 1067 3402 longi
1080 3343 1135 3402 post
1147 3339 1241 3390 editum
1252 3341 1319 3391 dicit

283 3407 341 3456 illos
352 3407 461 3458 intentos
468 3404 526 3456 rard
537 3419 592 3456 esse
601 3407 772 3468 absolvendos,
783 3410 809 3457 et
819 3407 1009 3457 constitutiones
1017 3410 1201 3458 Lausannenses
1211 3423 1259 3457 uon
1266 3411 1317 3469 ple·

283 3472 396 3535 staupum
405 3475 465 3536 qula
475 3475 521 3523 six
530 3475 562 3524 de
572 3487 658 3524 eorum
669 3474 752 3525 debiti
766 3476 925 3536 dispositione
937 3478 1031 3526 curstat
1041 3474 1107 3525 certb
1113 3477 1250 3526 moraliter.
1258 3477 1274 3525 S
1281 3477 1313 3524 d-

283 3543 335 3596 iem
348 3543 472 3592 fateantur
481 3555 532 3592 non
547 3538 583 3592 itt
595 3543 680 3594 uivida
690 3545 721 3592 ab
731 3545 868 3594 tutantibus
877 3557 907 3594 ac
921 3541 1118 3607 'agrandioribus
1127 3544 1248 3604 currenda
1260 3558 1316 3594 esse

283 3611 440 3662 contritionis
453 3610 532 3672 signa.

313 3675 401 3730 llelids
411 3681 443 3730 do
453 3681 568 3744 plurimis
584 3681 717 3742 sentimus,
728 3682 749 3730 si
760 3681 899 3732 retorsisti
918 3681 1060 3740 confessarii
1071 3692 1136 3733 curae
1149 3675 1294 3734 sulliacoant
1305 3717 1314 3743 ,

193 3748 195 3754 ’
283 3761 330 3799 uec
341 3749 440 3800 omnini)
450 3763 525 3802 sensu
534 3756 561 3800 et
570 3750 642 3811 praxi
653 3751 791 3800 contrarius
801 3765 881 3801 essem
891 3753 921 3799 1).
932 3752 998 3798 Dens
1008 3749 1099 3798 dicenti
1112 3744 1227 3806 puerilia,
1238 3747 1314 3810 risus,

285 3830 310 3870 s.
320 3830 367 3882 pr„
376 3819 508 3872 tutantium
515 3816 573 3872 sutt
582 3818 715 3882 ommate,
725 3831 775 3870 uon
789 3821 952 3905 esse-dmum
961 3816 1130 3896 inpapaciulls
1137 3813 1311 3880 absolutionis,
