2974 4678
304 341 352 421 9⁰
560 343 611 396 nn
631 343 817 396 surnrmo
839 343 1073 398 nnmcnnro

344 425 462 496 Locaie
486 431 579 510 vero,
595 453 649 497 scu
669 453 727 522 per
749 429 889 516 litteras,
913 431 942 500 si
956 430 1087 528 pecunie
1106 453 1239 523 presens
1256 458 1328 505 cunr

302 522 665 606 distantiautitcontre.
831 587 834 594 ,
1053 581 1055 588 ,

242 709 245 712 ¹
295 607 308 686 ³,
344 617 511 687 Cambium
526 618 611 686 aliud
626 619 783 702 estreule,
798 624 966 713 quorem
1047 649 1053 659 ⁸
1167 701 1170 707 ,

343 714 398 898 iit(
417 713 501 899 piiud
525 715 651 797 fictum,
676 740 730 783 seu
748 716 880 800 siccum,
895 741 957 811 quo
980 716 1123 788 simulate
1144 717 1178 785 iit
1198 743 1328 813 permu-
1424 778 1427 782 .

292 827 378 882 'tetro
395 833 446 880 a.
833 829 836 834 '

333 991 369 1058 (a)
380 989 455 1054 Cim,
464 1006 489 1041 v.
499 1006 545 1055 gn,
557 992 706 1055 campserius
716 995 827 1056 Lugduni
838 993 908 1057 tingit
918 1008 1072 1044 se-summam
1082 995 1223 1045 solvendum
1233 995 1326 1046 hebere

300 1063 409 1123 eunetis,
421 1063 447 1112 et
454 1061 539 1114 stetim
550 1077 605 1112 cum
616 1065 706 1125 accipit
717 1065 837 1126 Lugduni,
844 1079 968 1126 campsore
979 1065 1202 1130 ocienteiictioneur
1212 1079 1326 1127 omnem;

300 1135 343 1180 eut
353 1128 410 1182 ciuu
420 1145 530 1192 cumpsor
540 1129 570 1194 (te
581 1132 703 1195 tarcqoicr)
724 1134 830 1192 ipsemet
845 1135 914 1196 fingit
923 1134 1059 1193 cambium,
1071 1129 1131 1182 uim
1150 1135 1234 1183 tamen
1245 1148 1327 1196 camp-

302 1203 381 1250 sarius
391 1213 438 1250 nec
454 1202 481 1249 in
493 1202 542 1249 elio
563 1202 631 1260 loeo,
642 1214 689 1250 nec
703 1201 872 1250 determinatae
890 1204 983 1265 speciei
998 1202 1128 1264 pecuniam
1142 1203 1190 1250 sibi
1202 1202 1326 1251 numerari

301 1272 378 1330 petat.

331 1341 390 1387 'iaie
406 1340 481 1388 ctiam
498 1337 729 1387 videturcambium
747 1341 863 1399 quedelii
875 1339 1271 1400 Lugdunense‚i'roneofordiense
1281 1341 1325 1388 alii

301 1411 404 1467 vocant,
414 1422 463 1470 quo
474 1409 576 1469 quisunt
588 1404 660 1455 hodie
671 1409 802 1468 pecuniam
820 1409 979 1468 praesentem,
991 1411 1018 1456 ut
1033 1410 1087 1468 post
1107 1411 1202 1456 certum
1212 1412 1325 1470 tempus,

301 1491 326 1526 v.
338 1491 372 1538 g,
386 1477 415 1526 nd
426 1477 521 1526 suturas
536 1479 598 1525 tales
613 1478 748 1536 nundinas,
764 1490 818 1524 eum
827 1490 884 1525 cum
900 1479 968 1525 lucro
981 1477 1084 1538 tempori
1094 1477 1275 1538 proportionato
1285 1492 1326 1526 re·

301 1547 387 1610 cipiet.
749 1611 865 1628 *-

341 1705 415 1792 498.
430 1697 595 1766 Cominium
606 1697 709 1764 fictum
721 1723 827 1764 verum
837 1713 882 1764 est
891 1713 1032 1764 mutuum
1042 1711 1198 1788 contractu
1209 1695 1323 1765 ca'mbii

299 1795 434 1864 velatum
444 1789 453 1871 ζ
465 1792 515 1860 cui
528 1807 748 1886 consequenter
761 1791 944 1888 applicanda
957 1815 1025 1886 quae
1043 1793 1125 1861 dictu
1143 1793 1182 1859 cle
1202 1807 1322 1863 mutuo.
1390 1823 1392 1830 ·

342 1888 509 1960 Geminium
535 1892 610 1972 verit
635 1887 814 1970 reale„sive
833 1888 991 1970 manuale,
1019 1889 1083 1957 sive
1104 1888 1221 1970 locale,
1246 1887 1325 1955 sicut

291 1985 448 2082 perutile,
468 1984 512 2052 itt
532 1999 562 2051 et
578 1982 698 2054 licitum
715 2001 772 2053 est.
796 1983 881 2052 Ntm
896 1982 929 2051 in
939 1983 1043 2053 officio
1057 1983 1224 2079 campsoris
1236 1983 1326 2050 multi

299 2102 369 2153 sunt
383 2084 463 2152 tituli
477 2082 556 2151 lucri
570 2081 664 2172 justi,
681 2101 836 2173 expensae,
852 2079 959 2160 labor,
974 2082 1132 2175 pericula,
1146 2080 1283 2156 etcsed

345 2187 375 2246 1⁰
400 2177 492 2248 Nihil
516 2177 595 2244 lueri
617 2177 805 2269 percipiatur
828 2179 961 2264 praecise·
984 2179 1024 2244 ob
1039 2177 1219 2245 dilationem
1243 2189 1324 2244 tenr-

322 2297 396 2340 orrs.

298 2299 321 2367 P
342 2373 375 2432 2⁰
392 2365 530 2435 Lucrum
542 2366 657 2454 justum
671 2365 729 2444 sit,
744 2361 836 2454 quale
846 2363 890 2446 (si
911 2363 996 2454 quod
1011 2363 1066 2448 sit)
1086 2362 1154 2453 lege
1164 2378 1322 2445 taxatum,

297 2478 351 2529 aut
383 2462 475 2555 quale
497 2461 722 2528 consuetudine
749 2474 778 2526 et
805 2458 924 2547 judicio
947 2459 1152 2552 prudentum,
1188 2459 1323 2554 pensatis

298 2554 445 2651 periculis
456 2555 595 2639 viarum,
610 2555 781 2639 distantiae,
804 2553 933 2648 aliisque
946 2554 1198 2640 circumstantiis,
1217 2556 1330 2624 deter-·

298 2651 460 2720 minatum.
871 2684 878 2703 2

339 2747 409 2816 Ncc
423 2745 612 2838 distinguere
626 2771 702 2840 opus
724 2760 770 2814 est
780 2770 821 2813 an
836 2746 977 2839 publicet,
997 2769 1036 2811 an
1053 2743 1175 2838 privati
1186 2745 1325 2814 auctori-

297 2859 359 2918 tate
383 2841 520 2908 officium
544 2839 712 2934 cunrpsoris
736 2841 806 2933 quis
828 2839 1015 2936 susceperit,
1032 2840 1092 2908 nisi
1113 2839 1163 2906 lex
1185 2856 1267 2908 vetet
1283 2867 1323 2907 ne

297 2940 418 3038 privati
429 2938 493 3023 (o);
505 2938 638 3004 notando
650 2953 753 3005 tamen
763 2938 846 3030 quod
857 2962 999 3031 campsor
1010 2935 1189 3003 auctoritate
1199 2935 1324 3026 publici

299 3047 443 3107 exercens
458 3026 586 3101 minoris
601 3032 691 3125 pretii
706 3032 802 3127 possit
813 3031 927 3099 habere
940 3025 1045 3098 titulos
1056 3031 1117 3114 (b).
1145 3083 1147 3088 ,

341 3133 405 3200 Seel
419 3157 480 3199 non
495 3130 560 3198 sine
573 3127 791 3197 tentationibus
815 3126 894 3194 lucri
920 3125 1027 3215 injusti
1051 3123 1165 3194 cambii
1187 3121 1324 3192 officium

245 3237 251 3251 ’
297 3233 380 3324 saepe
395 3242 568 3306 exercetur;
581 3225 656 3318 quin
667 3241 697 3292 et
710 3249 780 3291 cum
792 3221 943 3312 injustititi
958 3220 1050 3303 reali,
1066 3220 1105 3303 si,
1120 3249 1150 3288 v.
1163 3247 1209 3313 g.,
1221 3245 1325 3313 camp·
1365 3245 1370 3254 ·

297 3351 365 3405 sor,
380 3324 434 3416 qui
448 3339 555 3431 potens
574 3321 750 3389 immediate
765 3317 920 3400 cambire,
942 3317 1215 3412 correspondentes
1236 3313 1324 3384 adhi-

296 3418 369 3486 beat
378 3420 509 3497 medios,
522 3434 650 3507 augetur
662 3416 744 3486 enim
753 3431 826 3489 tunc
836 3413 984 3484 inutiliter
995 3413 1129 3510 pretium
1139 3410 1252 3481 cambii
1263 3411 1324 3496 (ολ

328 3589 403 3667 (α)’8ἱ
417 3605 532 3665 princeps
549 3603 673 3664 uetuerit,
682 3604 770 3653 volunt
787 3605 865 3666 aliqui
875 3603 1028 3654 contractum
1037 3597 1128 3649 cambii
1144 3608 1197 3646 esse
1207 3596 1323 3654 nntium,¹

295 3674 340 3723 eiii
351 3675 382 3721 de
393 3673 438 3721 lmc
455 3671 577 3721 dubitant.
596 3672 644 3718 Alii
659 3667 737 3720 solinu
749 3674 877 3732 peccatum
889 3669 1026 3730 etquidem
1044 3666 1141 3714 veniale
1161 3667 1256 3728 tantum
1267 3676 1322 3710 cre-

295 3735 1321 3802 dunicumbiumexercerecoutriutegemlitiriccumDueimennotutD.Deusposse

297 3807 407 3874 otiqucni
415 3811 553 3861 tuentium
571 3809 670 3870 erigere
680 3823 724 3870 pro
738 3811 920 3870 permutatione
929 3805 1003 3853 unius
1013 3804 1095 3864 secute
1106 3815 1164 3851 curn
1177 3800 1238 3861 uit,
1250 3815 1274 3850 v.
1286 3815 1320 3862 g,

298 3883 401 3932 moneto
419 3881 649 3942 gurrrruuicaemutu
663 3881 751 3941 pretor
762 3880 870 3940 pretium
886 3875 1024 3936 legitimum
1035 3907 1043 3937 ,
1054 3884 1102 3922 ouo
1111 3873 1207 3935 species
1218 3871 1325 3922 liaberet
