2964 4674
419 339 421 346 '
514 333 564 366 ⁸
624 317 873 397 DEGAZOGL'
1114 361 1117 369 ·
1157 331 1265 424 199'

231 427 331 494 tornis,
347 425 548 493 lnqultltelussot
560 428 652 478 ettam
669 431 776 490 pmxim
786 431 906 478 excusare
916 425 1033 490 conatur,
1049 423 1143 491 partlm
1161 435 1263 491 propter

158 547 160 552 .
231 501 405 561 impotentiam
425 497 629 562 moralemtquae
648 501 685 547 est
694 501 758 548 ratio
775 495 975 560 innormatum
986 500 1012 548 et
1025 500 1184 560 potissimum
1204 500 1263 560 qula

231 570 356 619 detractor
364 568 498 630 reparando
508 568 573 629 apud
582 568 706 616 auditores
716 568 887 631 immediatos,
896 565 1055 616 videturillis
1065 565 1184 629 implicite
1196 581 1263 617 com·

231 640 331 686 mittere
342 648 427 686 emam
446 636 646 686 retractationem
662 636 729 696 apud
745 636 969 696 aliosdivulgandi.
985 633 1086 695 Quando
1102 638 1185 684 autem
1199 637 1263 687 ratio

231 709 270 757 est
279 707 415 769 prudenter
421 706 550 766 iudicandi
560 702 683 767 quddnon
693 706 803 765 lactent,
817 705 929 753 remanet
939 705 1147 766 obligatio,addit
1155 705 1232 754 idem.

558 943 866 1043 ¹'ceruum

477 1159 511 1195 nn
522 1159 589 1194 uooo
600 1159 737 1193 ιιιιιιιιιιιιιι
748 1153 832 1194 raffau
843 1161 874 1194 nr
885 1159 1012 1196 ιιοιιιιιιιι.

269 1290 343 1360 6ι3.
369 1289 515 1357 sinonis
529 1289 686 1356 detractor
710 1289 794 1358 dicat
812 1275 960 1374 se'mal'e,
984 1316 1022 1360 ex
1035 1289 1102 1374 ird,
1120 1305 1203 1375 etc,
1219 1293 1260 1365 do

226 1385 282 1456 tali
295 1386 452 1467 locutum,
478 1385 529 1452 vel
543 1409 576 1453 se
597 1383 692 1452 talem
717 1383 828 1476 injusti
848 1386 1044 1470 diffamasse;
1069 1388 1131 1458 uisi
1154 1405 1260 1459 tamen

144 1485 147 1494 ’
167 1509 196 1513 ···
214 1481 299 1553 liinc
314 1437 513 1549 concluditur
527 1504 598 1548 eum
612 1479 728 1548 dixisse
748 1480 842 1549 falsa.

266 1579 332 1645 Ast
342 1576 394 1644 hic
410 1576 539 1656 modus,
564 1574 619 1669 qui
633 1597 705 1644 cum
717 1574 836 1684 ignaris
851 1591 881 1646 et
894 1575 1025 1670 plebeiis
1045 1574 1186 1671 pluribus
1200 1578 1260 1648 sal·

223 1689 288 1742 tem
302 1671 446 1740 sufficere
459 1685 582 1780 posset,
596 1673 704 1739 sorim
718 1669 886 1762 ingeniosis
903 1686 932 1740 et
946 1672 1124 1763 sagacibus,
1143 1673 1260 1743 malum
1283 1755 1290 1767 .

189 1815 198 1827 x
225 1783 364 1860 augeret.
383 1765 525 1834 Corim
516 1765 672 1859 rstisergo
656 1765 791 1836 laudet
806 1767 1019 1849 diffamatum,
1043 1793 1114 1835 eum
1132 1767 1258 1838 honori·
1314 1771 1323 1790 ‘

226 1864 286 1930 fiee
300 1861 491 1955 alloquatur,
517 1876 596 1946 etc.,
622 1876 653 1930 et
666 1862 835 1931 consultids
849 1887 948 1958 saepc,
966 1861 1123 1933 mediante
1143 1864 1258 1948 tertio,

227 1956 349 2028 veniam
363 1971 497 2051 potata
462 1957 497 2042 (α
498 1957 526 2042 ).
1158 2003 1160 2014 ,

267 2045 494 2122 Calumniatori
514 2050 639 2120 unicum
660 2051 796 2147 suppetit
808 2049 1015 2132 medium,
990 2075 1017 2118 sr
1035 2050 1159 2118 veniam
1181 2051 1263 2120 obet·

225 2173 300 2218 nere
310 2163 454 2242 nequeat,
473 2147 576 2216 dicere
589 2151 702 2242 nempe
716 2173 749 2216 se
765 2147 879 2216 falsum
894 2145 1021 2230 dixisse,
1041 2161 1072 2214 et
1086 2146 1114 2214 si
1124 2147 1185 2241 ipsi
1195 2173 1259 2218 non

226 2244 383 2327 credatur,
396 2243 646 2313 retractationem
655 2269 744 2314 suam
754 2244 928 2334 juramento
939 2201 1174 2323 conlirmare,
1149 2270 1176 2314 ει
1187 2269 1259 2336 aga·

224 2349 277 2408 tur
291 2339 330 2406 de
341 2364 376 2410 re
389 2339 491 2430 gravi.

262 2425 1258 2544 Tandemcontumeliatorexhibeatsaltembenevolentiaasigna,

224 2530 251 2599 si
266 2529 405 2624 superior
418 2528 458 2596 sit
469 2530 534 2614 (ως
549 2527 722 2607 doloris,
697 2553 725 2596 st
739 2525 878 2620 aequalis;
896 2541 926 2595 et
939 2527 1063 2596 veniam
1077 2543 1162 2622 petat
1172 2527 1199 2596 si
1213 2528 1260 2599 in·

225 2625 321 2694 serior
343 2623 537 2715 (genuflexus
551 2623 682 2718 quidem
694 2637 724 2692 et
737 2627 843 2690 ceriam
856 2621 985 2692 testibus
1007 2646 1034 2691 ιι
1025 2622 1139 2691 valde
1153 2627 1259 2716 gravis

225 2719 320 2788 suerit
331 2717 550 2803 contumelia),
562 2733 615 2786 aut
628 2716 739 2788 saltem
751 2717 883 2786 humilia
896 2731 926 2786 et
939 2719 1109 2788 affectuosa
1118 2741 1261 2860 personae

226 2815 351 2883 offensa
368 2827 494 2922 praestet
513 2813 672 2908 obsequia.

241 2910 305 2978 St
315 2907 534 2980 contumeliam
544 2935 653 3004 passus
664 2907 833 2978 vindictam
844 2908 1022 3002 sumpserrt
1037 2905 1179 3002 hancque
1189 2931 1260 2978 cen·

224 3004 719 3088 tumelratortolerarrthic,n1
709 3005 876 3072 multum
888 3004 1019 3074 inlerror
1031 3021 1090 3081 sit,
1117 3005 1198 3076 liber
1211 3020 1260 3076 est

164 3135 165 3139 ¹
224 3089 334 3170 saltem
347 3101 430 3198 apud
445 3127 497 3170 eos
516 3128 572 3196 qur
562 3057 759 3170 vindictam
774 3100 900 3167 ndrunt.

247 3197 352 3265 luter
373 3197 508 3289 aequales
522 3197 622 3266 amica
636 3195 798 3278 salutatio,
816 3189 974 3276 laudafio,
996 3192 1037 3261 a'd
1061 3196 1260 3264 mensamin·

226 3291 334 3357 vitatio
354 3291 521 3401 aliquando
537 3293 665 3362 suflicit.
694 3290 791 3360 lmd
782 3305 864 3358 mter
884 3288 1016 3359 rusticos
1030 3313 1112 3383 saepe
1098 3289 1259 3383 aequalia

227 3385 351 3454 [uerunt
371 3384 509 3454 convicia
518 3388 754 3507 ,improperia
771 3387 914 3496 iactaque
929 3401 975 3455 est
989 3389 1095 3454 statim
1113 3411 1260 3483 compen·
1287 3441 1289 3448 t

227 3479 317 3559 sati03
308 3479 377 3552 ·ἱιὲ
386 3496 421 3548 ut
434 3485 668 3591 saepemaglsde
682 3483 755 3552 odio
766 3509 803 3550 ex
813 3480 863 3550 his
874 3496 943 3550 orto
954 3481 1175 3591 extinguendo
1170 3497 1201 3552 et
1213 3483 1260 3552 fa-

227 3575 338 3644 ciendd
362 3575 629 3662 reconciliatione,
655 3603 750 3673 vam
768 3579 809 3646 de
828 3577 1022 3646 contumeliae
1041 3577 1257 3672 reparatione,

225 3695 296 3764 quae
311 3669 346 3741 in
363 3670 615 3766 reconciliatione
627 3673 752 3746 aliunde
769 3697 852 3767 saepe
867 3687 930 3757 est,
946 3672 1089 3742 anxietur
1104 3673 1257 3743 consessa

227 3766 304 3837 rius.
402 3825 406 3835 .

269 3860 380 3935 Nota:
371 3863 481 3954 ·Quae
499 3862 584 3936 dieta
596 3879 665 3937 sunt
679 3863 719 3936 de
734 3889 777 3936 eo
781 3888 836 3962 qen
824 3863 1002 3962 inculpate
1015 3864 1118 3960 poerit
1133 3837 1270 3934 causans
