2960 4684
593 327 595 332 ’
629 302 876 384 υεόΛιοοι,-
1217 335 1259 386 ai
1308 391 1311 396 ,

237 409 278 480 de
300 406 406 500 futuro
424 405 569 502 quidem,
596 409 652 478 sed
670 436 732 480 nou
751 412 887 496 intenta,
912 413 1107 490 eontrarium
1123 440 1187 490 non
1205 440 1264 486 un·

236 505 346 572 uuilat.
549 573 552 579 Α
979 513 983 522 ’

277 599 384 668 Nola:
403 625 419 655 o
434 596 523 665 Dans
537 611 635 667 toules
651 599 848 693 dispositione
863 595 949 671 eolre
963 603 1025 672 viss
1042 628 1083 678 ou
1096 602 1266 675 testamen·

193 755 196 764 .
238 725 255 756 a
270 695 382 776 laires,
400 692 446 764 les
459 694 631 772 conditione
647 695 861 791 impossibles,
890 698 983 768 celles
998 699 1053 794 qui
1068 716 1174 770 seronl
1188 727 1267 769 con-

138 817 140 824 ·
238 821 254 850 n
270 791 381 859 traires
394 812 454 878 aux
467 788 524 857 lois
539 805 569 858 el
579 814 637 858 aux
651 816 786 874 moeurs,
805 809 910 862 serent
923 801 1067 890 repulees
1077 819 1140 862 uon
1155 795 1266 865 irrites

231 885 255 944 'a
267 889 373 980 (900).
392 917 407 942 »
421 885 468 954 Ita
481 887 575 960 etiam
590 889 639 978 jus
651 889 831 964 ¹canonicum
844 917 905 985 pro
918 891 1130 960 matrimonio.
1145 891 1266 986 Suppo-

234 999 311 1051 nunt
325 982 407 1050 euim
425 983 495 1071 jura
509 981 666 1051 hominem
681 999 754 1052 tune
773 1011 836 1054 uon
852 985 935 1055 serio
950 1012 1055 1077 agere.
1096 1033 1098 1040 ι

276 1080 425 1145 Attamen
438 1075 608 1166 obtegitur
622 1079 662 1146 de
676 1079 891 1164 matrimonio,
911 1074 982 1149 erim
995 1080 1075 1149 nihil
1088 1082 1122 1149 in
1136 1107 1173 1151 eo
1187 1106 1267 1178 poe·

234 1172 274 1241 eit
290 1172 436 1266 supplere
451 1198 650 1253 eonsensum,
669 1173 787 1242 nullum
797 1175 898 1259 sorel,
915 1177 943 1246 si
954 1181 1064 1248 revera
1077 1177 1118 1246 ad
1128 1175 1185 1248 has
1195 1199 1266 1250 cuii·

234 1267 367 1338 ditiones
382 1267 567 1336 contrahens
587 1293 678 1337 suum
691 1271 912 1349 restrinxisset,
932 1266 935 1273 Α

265 1460 300 1526 (a)
309 1461 398 1522 'l'urpis
408 1463 445 1511 est
455 1461 563 1512 conditio
574 1464 599 1512 l⁰
608 1477 664 1524 quae
674 1466 803 1524 peceatum
814 1463 939 1526 eontioel3
950 1464 977 1514 2⁰
986 1479 1042 1528 que
1052 1465 1117 1516 nibil
1132 1465 1191 1516 boni
1204 1479 1265 1517 eon·

231 1535 297 1585 tinet
307 1535 334 1583 et
347 1533 446 1594 aliquod
459 1533 527 1581 aliud
536 1535 626 1582 bouum
638 1535 758 1596 impedit3
769 1537 857 1596 50quae
869 1533 928 1585 licet
938 1537 996 1584 boni
1007 1531 1116 1597 speciem
1131 1537 1264 1598 contineat,

229 1604 259 1654 in
276 1605 331 1663 jure
345 1602 502 1662 rejicitur-ut
514 1603 602 1662 turpis.
614 1605 719 1651 vocatur
730 1605 910 1668 tunceivililer
921 1607 1015 1664 turpis3
1028 1607 1074 1653 boe
1085 1606 1203 1654 ultimum
1212 1603 1264 1654 iub

198 1726 202 1730 ,
232 1675 260 1722 et
268 1667 573 1729 eeeundmmdiilieillime
588 1671 718 1731 aliquandi»
728 1673 901 1728 discernuntur
917 1674 943 1722 iu
953 1674 1032 1734 praxi.
1216 1661 1221 1673 ⁷

262 1743 319 1790 ileo
328 1741 436 1789 conditio
447 1753 454 1786 τ
467 1742 494 1788 Si
503 1741 591 1798 nobee,
600 1753 648 1788 non
659 1741 758 1789 videtur
775 1742 911 1799 rejicienda
927 1745 954 1790 ui
965 1743 1062 1802 turpis,
1072 1741 1131 1802 quia
1141 1754 1188 1802 per
1198 1753 1225 1790 se
1236 1736 1265 1798 ei

231 1807 325 1859 directi
336 1809 559 1861 teuditadstatum
578 1811 709 1862 honestum
716 1844 728 1872 ‚,
745 1807 805 1860 lieet
821 1824 867 1876 per
877 1812 991 1873 ace-idern
1003 1811 1121 1860 excludat
1129 1810 1264 1872 perfeetio-

231 1891 294 1928 rem.
311 1881 423 1927 Billeert.

263 1948 310 1997 Sed
320 1951 341 1996 si
351 1949 447 2008 puella,
459 1946 516 2006 eui,
525 1946 571 1994 sub
581 1947 692 2000 nubendi
705 1947 859 2006 conditione,
872 1944 964 1994 iactum
980 1945 1151 2006 estimatum,
1161 1945 1265 2006 reiigio-

232 2028 292 2065 uem
302 2017 466 2076 ingrediatur,
477 2015 581 2066 debetur
592 2016 615 2062 ei
627 2015 745 2075 legatum,
754 2016 812 2075 quia
824 2016 981 2062 inhonestum
991 2017 1030 2062 est
1039 2014 1165 2064 retrahere
1174 2009 1188 2061 ir
1198 2013 1264 2079 etalii

136 2099 141 2116 ·
233 2085 383 2146 perfectiori.
395 2084 650 2144 conuenienter
661 2086 719 2132 luno
728 2084 868 2142 iudicarent
879 2083 1023 2142 tribunalia,
1035 2082 1128 2132 nescio·

265 2155 313 2202 Sed
324 2154 602 2215 gmndis‘ceulroversiu
617 2155 655 2202 esi
671 2167 703 2201 au
722 2153 862 2212 contractus
884 2153 960 2200 initus
977 2153 1022 2210 sub
1043 2151 1184 2203 conditione
1195 2151 1263 2212 lurpi

235 2221 326 2282 obliget
345 2221 445 2282 impleti
466 2215 615 2276 conditione.
626 2221 785 2271 salomonior
799 2223 837 2268 est
853 2219 979 2280 opinion.
990 2219 1121 2279 Antonini,
1133 2218 1225 2278 Sylvii,
1235 2219 1263 2268 P.

151 2319 156 2330 x
231 2291 291 2338 cab.
302 2293 368 2349 Ant,
380 2291 496 2348 bittunt,
506 2291 592 2338 Theoi,
603 2291 705 2349 Pictam,
716 2292 775 2350 eto,
789 2290 833 2350 qui
848 2291 978 2352 autumant
989 2289 1074 2337 dutum
1085 2289 1131 2336 sub
1144 2289 1187 2336 tali
1205 2299 1265 2336 oon·

230 2358 324 2408 ditione
345 2362 404 2407 lune
421 2359 526 2406 retineri
536 2371 621 2419 posse,
633 2372 667 2407 ex
677 2361 732 2423 lege
743 2357 844 2422 quarti,
863 2359 888 2418 ii,
901 2359 932 2406 de
950 2353 1136 2416 conilieiis,'ubi
1149 2357 1261 2406 dieiturr

230 2445 245 2471 o
256 2430 324 2488 Quod
335 2427 462 2476 meretrici
472 2427 545 2476 datur
556 2428 635 2487 repeti
648 2441 695 2477 tlon
710 2430 800 2488 potest.
820 2423 890 2474 Licet
905 2428 972 2474 enim
984 2427 1090 2486 turpiter
1108 2425 1183 2473 iaciat
1197 2421 1264 2486 qubd

223 2491 288 2545 'neit
308 2495 442 2555 meretrix,
464 2509 512 2543 noo
534 2497 616 2544 iumen
638 2498 744 2556 turpiter
764 2497 861 2556 accepit
879 2494 945 2556 quod
967 2497 1000 2543 ait
1021 2494 1177 2543 meretrix.»
1190 2494 1262 2542 italio

229 2577 304 2626 quam
314 2567 385 2613 alieri
395 2567 421 2614 P.
432 2566 493 2613 Gub.
503 2567 559 2613 Ant.
575 2567 614 2614 eei
623 2565 688 2626 qubd
699 2567 723 2614 in
737 2567 787 2615 illis
796 2566 874 2626 pactis
890 2565 1041 2628 interveniat
1050 2557 1144 2623 duplex
1156 2562 1262 2628 promis·

230 2634 279 2693 sio,
290 2649 338 2683 una
359 2634 483 2694 absolon,
499 2633 604 2681 iaciendi
626 2646 679 2682 reru
698 2635 825 2692 illicitam,
838 2635 864 2680 et
879 2629 936 2680 lraec'
950 2631 1038 2692 nequii
1050 2631 1174 2690 obligure3
1186 2631 1264 2678 altera

230 2699 418 2761 conditionalis,v
429 2703 455 2750 el
465 2715 497 2749 ex
508 2703 676 2761 suppositione
687 2703 836 2752 conditionis
846 2702 942 2760 posito.
954 2700 1026 2756 lieo,
1043 2699 1069 2746 ui
1082 2699 1149 2758 leges
1163 2697 1264 2748 irritent

230 2787 300 2833 eam,
312 2773 393 2831 valet,
404 2772 516 2831 quanvis
536 2783 585 2818 non
607 2772 687 2826 valeat
705 2772 833 2831 promieoio
844 2771 907 2818 iacta
929 2770 974 2830 ¹sul.)
985 2769 1125 2819 conditione
1141 2767 1262 2828 ponendi.

230 2845 307 2904 Leges
317 2839 396 2890 solinu
408 2840 544 2896 decernunt
554 2841 580 2887 ul
594 2840 651 2888 lolia
662 2843 732 2900 poeta
742 2835 808 2888 'anti
819 2851 880 2902 opus
890 2840 1014 2898 patratum
1030 2837 1168 2886 habeantur
1188 2839 1216 2884 ut
1226 2837 1266 2884 iu-

231 2911 325 2968 ualida,
337 2912 410 2966 elul,
423 2907 516 2968 palialo
528 2908 645 2968 erimine,
657 2921 705 2956 non
716 2909 811 2956 oriatur
821 2908 938 2968 obligatio
949 2908 1039 2954 civilis.
1050 2908 1138 2954 Pereat
1149 2905 1265 2966 equidem

230 2981 274 3040 qui
293 2978 435 3038 solvitquia
455 2979 578 3036 puteolum
589 2980 627 3026 est
637 2978 746 3038 crimen3
762 2973 881 3034 sed-non,
896 2977 917 3023 si
934 2971 1035 3036 {recise
1054 2977 1086 3023 ad
1097 2975 1264 3034 fidenipdaiam

230 3047 386 3102 mirandum.
399 3047 461 3094 ltine
472 3057 506 3092 ex
525 3046 580 3106 lege
591 3045 699 3104 secundi
710 3047 764 3095 cod.
779 3047 810 3094 de
821 3043 928 3094 condiet.
939 3046 970 3091 ob
983 3046 1081 3112 turpem
1095 3055 1210 3101 causam,
1224 3055 1265 3092 ree

230 3117 262 3167 ob
274 3129 327 3164 erun
340 3118 454 3175 arrepta,
465 3115 488 3162 ei
499 3115 542 3175 qui
554 3116 650 3175 occepit
660 3114 823 3177 relinquitur3
835 3116 861 3162 el
873 3115 898 3161 iu
909 3114 969 3174 lege·
981 3111 1067 3161 octavia
1087 3112 1175 3160 eodem
1190 3111 1264 3163 titulo

230 3184 322 3231 dicitur
333 3183 439 3230 solutum
450 3183 481 3229 ob
492 3183 590 3244 turpem
602 3195 699 3232 eausam
714 3197 762 3230 non
774 3195 845 3244 posse
856 3183 948 3242 repeti:
1095 3193 1098 3196 ·

262 3253 335 3300 Gravi
348 3254 429 3299 lamen
444 3252 539 3299 ratione
551 3251 669 3300 inridetur
687 3252 811 3299 sententia
827 3262 935 3309 negans,
945 3247 1094 3306 videbrrque
1112 3243 1265 3308 spectione

231 3321 391 3381 probabilior.
411 3321 502 3369 Dicunt
517 3321 585 3368 euim
601 3321 656 3379 eius
671 3320 768 3379 patroni
782 3313 847 3378 qubd
863 3316 895 3364 ad
911 3317 1026 3372 illicilum
1042 3329 1068 3368 se
1084 3316 1204 3376 obligaret
1219 3315 1264 3376 qui
1293 3325 1296 3332 ’

232 3391 388 3450 promitteret
398 3401 424 3436 se
435 3401 597 3450 repensurum
609 3388 750 3435 mercedem
762 3388 874 3446 peceato:
887 3396 913 3433 se
924 3385 1077 3444 soluturum,
1088 3386 1114 3433 vi
1123 3385 1264 3445 promissio-

232 3457 410 3514 nis‚summam
422 3471 465 3518 pro
476 3470 507 3505 eo
517 3455 634 3517 patrando
645 3456 797 3516 promissam.
809 3451 912 3504 olluodd
920 3467 975 3514 lura
983 3455 1048 3504 tales
1059 3455 1199 3515 contemne
1209 3454 1264 3502 uui-

232 3523 269 3571 ioe
278 3525 413 3574 declarant.
426 3523 499 3586 lirul),
511 3525 586 3572 eliam
597 3523 674 3583 positi
686 3522 842 3588 eorumbene,
857 3525 925 3584 nullo
942 3525 981 3574 eet
995 3525 1127 3584 obligatio3
1143 3524 1265 3584 quianon

231 3591 350 3640 firmatur·
360 3606 404 3653 per
419 3594 566 3644 conditionis
587 3592 756 3652 impletionem
765 3593 831 3656 qubd
847 3595 878 3648 ub
890 3594 962 3642 initio
974 3593 999 3640 vi
1011 3595 1085 3652 liujus
1096 3591 1264 3654 promissionis

230 3670 281 3708 nou
291 3662 409 3712 subsistit.
422 3665 449 3713 iil
456 3665 539 3723 jurari
551 3665 632 3724 posset
643 3663 695 3722 lupe
705 3665 830 3712 sententia
846 3665 951 3718 articulo
964 3661 1026 3709 ilua
1034 3662 1089 3711 eod.
1100 3663 1149 3708 eiv.
1161 3659 1211 3707 Sed
1221 3659 1278 3708 vel'

218 3725 341 3789 'impellor
350 3743 395 3790 pro
406 3731 456 3780 iero
468 3732 586 3791 exlenro,
599 3730 638 3778 vel
649 3732 706 3780 ante
719 3733 842 3790 patratum
850 3731 954 3779 erineo.
966 3731 1005 3778 Sic
1016 3731 1084 3778 enim
1094 3723 1263 3790 arripiebatur

232 3795 273 3848 lex
285 3809 385 3846 romam
395 3803 475 3860 quain¹
483 3801 594 3852 renovat.
605 3799 673 3850 Nunc
682 3802 765 3851 nullus
774 3800 873 3853 daretur
882 3801 951 3852 ieeur
967 3797 1126 3864 repetitioni,
1138 3796 1220 3859 inquil
1228 3789 1260 3849 i>-

233 3861 403 3920 belrimourl.
418 3871 526 3923 &utun
1155 3867 1157 3875 “
