2926 4680
265 251 336 340 ita
367 280 375 297 ·
598 271 653 325 na
671 270 961 331 sacasnnnro

153 421 155 426 .
179 413 182 422 .
262 357 577 452 guineispeecaverin
590 384 774 454 semperque
784 383 843 455 pro
853 359 1299 470 dispensationealiaffinitate

263 452 431 524 dicendum
446 481 482 522 ex
497 453 559 548 qui
573 480 609 522 co
630 454 693 534 uit,
711 453 798 524 liciti
807 453 857 524 rel
870 453 980 526 illicita
1016 455 1166 526 reveniat.

306 551 340 616 3ο
354 547 391 617 ln
407 575 478 618 casu
491 481 707 642 inaequaiitatis
716 550 884 643 graduum,
901 483 1069 621 dicendum
1082 549 1152 644 quis
1163 551 1281 646 gradus
1295 609 1302 664 ¹

262 639 393 712 masculi
416 661 469 712 aut
492 642 628 720 foeminae
653 644 802 714 remotior
826 645 868 716 sit
887 662 941 716 aut
961 643 1184 744 propinquior,
1210 647 1301 718 iuci-·

263 736 380 834 piendo
393 765 516 833 sempor
530 743 549 805 a
563 739 664 831 gradu
676 737 821 812 masculi.

306 839 340 914 [β
357 829 402 901 Et
414 833 583 902 dicendum
601 835 629 903 si
645 834 771 928 nupturi
796 831 939 932 copulam
953 833 1162 908 incestuosam
1175 831 1294 922 (eom-

257 927 392 1024 pletam)
408 929 584 1013 habuerint,
599 930 660 999 nisi
674 933 755 1000 forte
770 932 964 1024 ignorassent
974 957 1007 1000 se
1023 955 1090 1000 esse
1104 933 1295 1024 consangui-

262 1023 1291 1122 neosautalfines(a),etanintuitudispensationisobtinendae(b).

263 1117 300 1190 Si
313 1136 428 1202 tamen,
443 1119 493 1188 vel
508 1147 598 1200 unus,
617 1121 790 1214 ignorasset
804 1121 1101 1214 consanguinitatem
1121 1137 1175 1190 aut
1188 1121 1294 1192 atini.-

261 1230 369 1296 tetem‚
385 1214 445 1288 hoc
458 1215 649 1286 addendum.
752 1280 754 1284 ,
790 1243 793 1251 ·
832 1265 833 1271 1

304 1311 398 1380 Unde
414 1311 441 1379 si
463 1327 567 1405 partes
580 1311 775 1406 peccaverint
789 1328 859 1406 post
880 1308 1009 1381 missam
1020 1307 1204 1406 supplicam,
1226 1307 1294 1382 imo

261 1423 331 1500 post
346 1431 522 1474 concessam
537 1406 650 1474 Romae
662 1405 935 1501 dispensationem,
951 1407 1007 1475 sed
1022 1409 1092 1474 ante
1111 1405 1176 1495 ejus
1189 1401 1232 1473 aii
1244 1403 1294 1475 of·

261 1500 356 1572 ficiali
369 1501 617 1593 fulminationem
630 1518 682 1569 aut
696 1507 715 1570 a
729 1502 918 1571 confessario
931 1495 1154 1584 executione'm,
1168 1527 1230 1570 non
1238 1527 1294 1570 va-

261 1595 340 1666 leret
353 1597 551 1691 dispensatio.
564 1597 600 1664 N
601 1622 641 1664 on
651 1596 897 1668 eninrrerificari
911 1615 1016 1693 posset
1026 1596 1182 1668 clausulas
1194 1599 1291 1667 Medi

168 1774 172 1781 ¹
257 1690 663 1784 portesnonpoccoecrint.
984 1761 986 1768 s
1144 1691 1145 1697 ’

303 1781 401 1855 Sociis
412 1785 440 1854 si
450 1799 575 1876 peccata
589 1785 705 1854 fuerint
716 1782 818 1853 solium
832 1785 982 1881 repetita,
1001 1785 1076 1880 quia
1089 1785 1214 1856 numeri
1230 1784 1291 1855 cul-

260 1907 371 1978 parum
387 1907 449 1951 non
460 1880 592 1972 erigitur
604 1880 774 1975 expressio,
786 1880 847 1950 nisi
858 1898 962 1952 tamen
971 1883 1086 1951 iterum
1096 1881 1293 1978 peccaverint

260 1993 401 2074 tempore
415 1977 541 2044 indicta
554 1974 615 2045 sibi
629 1980 649 2043 a
664 1975 889 2060 commissario,
914 1993 967 2046 aut
978 1981 999 2046 ri
1011 1977 1150 2072 parocho
1163 1981 1227 2071 ejus
1237 1999 1294 2044 no·

261 2073 356 2155 mine,
374 2068 588 2166 separationis,
603 2071 645 2142 ad
662 2072 883 2166 praeparandos
896 2097 929 2141 se
941 2070 983 2142 ad
996 2089 1189 2143 sacramenta
1202 2071 1260 2159 (c).

231 2183 242 2210 ⁴
303 2169 401 2238 Sociis
423 2168 541 2250 adhirc,
565 2166 776 2262 probabilius,
797 2166 823 2234 si
841 2193 904 2236 non
925 2169 1123 2262 peccaverint
1142 2169 1204 2237 nisi
1221 2181 1294 2262 post

261 2263 498 2357 dispensationis
509 2261 758 2334 fulminationem
767 2280 819 2331 aut
829 2267 851 2332 ὲ,
862 2263 1051 2332 confessario
1062 2264 1292 2344 executionem,

260 2359 335 2452 quia
349 2383 411 2426 non
424 2357 505 2430 foret
519 2358 668 2440 incestum
685 2373 715 2427 et
728 2358 853 2426 aliunde
869 2357 1005 2428 incestus
1022 2379 1086 2424 non
1100 2373 1147 2428 est
1159 2356 1295 2454 impedi·

259 2469 411 2524 mentum.

291 2649 328 2715 (o)
338 2652 364 2699 si
385 2652 452 2701 enim
469 2649 648 2712 ignoraverint,
667 2649 777 2698 incestus
793 2659 844 2696 non
860 2646 899 2696 est
913 2645 963 2696 nisi
980 2645 1131 2706 murinis,
1147 2640 1294 2708 reputare

259 2731 309 2770 non
330 2719 467 2770 necessario
488 2720 684 2781 exprimendus,
702 2716 819 2780 inquiunt
839 2717 882 2766 aiii
903 2711 989 2768 contri
1008 2716 1078 2765 aiios.
1098 2710 1187 2766 intids
1204 2719 1294 2778 eapti·

258 2791 350 2838 matur.

291 2857 326 2920 (t)
341 2857 443 2905 Etiamsi
455 2869 519 2904 unus
534 2853 631 2905 entim
642 2855 670 2906 ni
680 2853 825 2904 intenderit.
835 2855 944 2913 mnan
954 2855 1083 2904 Comedus

289 2925 549 2986 Deteriaeexpouenda
560 2927 613 2974 haro
631 2926 772 2972 incestuosa
790 2924 877 2981 copuia
895 2923 916 2970 si
926 2922 1026 2982 prrbiica
1044 2922 1087 2970 eit.
1098 2919 1292 2972 noritoniirria

258 2999 320 3049 item
331 2997 384 3044 sive
395 2996 542 3056 occuitusit,
553 2993 727 3054 atramitica,
736 2992 756 3038 si
770 2991 870 3038 eveniat
879 2993 946 3050 quod
955 2991 987 3038 ab
998 2988 1050 3050 ipsi
1060 2992 1160 3051 petatur
1167 2992 1292 3052 tems*

258 3069 305 3118 tto.
317 3067 365 3116 Sed
375 3066 396 3113 si
408 3067 495 3126 copula
505 3067 538 3114 eit
548 3064 642 3112 secreta
653 3062 680 3108 et
690 3056 704 3107 'a
715 3055 809 3106 naaria
827 3060 928 3118 petatur
946 3059 1110 3121 dispensatio,
1122 3073 1157 3109 ex
1166 3053 1303 3109 communi*

258 3134 382 3192 sententii
391 3136 478 3196 copuia
487 3136 525 3182 est
535 3134 559 3181 s.
567 3129 760 3178 Poenitontiariae
771 3127 929 3190 exponenda,
941 3127 1045 3176 dicendo
1056 3123 1072 3178 i
1082 3128 1177 3178 deurit
1186 3129 1289 3192 petitam

259 3219 313 3257 esse
324 3205 532 3266 dispensationem
540 3201 571 3247 ab
581 3195 769 3257 impedimento.
1185 3258 1191 3267 Ι

290 3275 323 3340 (ο)
342 3277 393 3324 Nisi
403 3275 493 3330 etiam,
512 3270 582 3318 aiunt
600 3267 643 3316 aiii
655 3261 826 3326 commatres,
837 3265 989 3327 dispereatis
1004 3277 1119 3316 contessa
1133 3267 1166 3318 ut
1175 3264 1295 3338 interm,

258 3358 405 3410 pauperum.
417 3345 445 3390 in
455 3342 493 3388 iris
503 3337 718 3388 eadhusoratores
728 3336 869 3396 indigerent
878 3337 970 3386 litteris
980 3333 1075 3397 periodi
1085 3338 1171 3386 edne.

290 3415 316 3464 si
333 3415 404 3462 tenor
422 3407 536 3469 rescripti
550 3405 655 3455 Romani
665 3405 698 3456 sit
709 3419 717 3452 r
729 3403 875 3454 Attuarios
885 3401 958 3466 osque
968 3407 999 3454 od
1014 3405 1193 3465 manicarum
1205 3417 1291 3454 mem-

260 3485 345 3532 cionem
356 3479 541 3543 {orationiteroti
550 3475 788 3537 momentonea
799 3475 938 3524 auctoritate
949 3473 1201 3535 abramitarum
1211 3474 1290 3523 Baete·

258 3552 428 3608 nemmem,
440 3546 500 3599 licit
510 3547 598 3608 copula
607 3558 658 3604 non
667 3544 755 3593 fuisset
764 3543 871 3603 alienata
880 3555 926 3604 par
941 3543 1121 3604 irrorantiam,
1132 3542 1176 3594 aut
1186 3542 1291 3614 ituro,

147 3625 154 3632 ‘
260 3616 410 3676 dispensatio
418 3621 503 3668 nmen
512 3617 562 3666 erit
571 3615 663 3666 raiida.
679 3615 815 3664 Annototor
825 3615 850 3661 a
862 3613 933 3664 riori
942 3614 975 3662 D.
986 3615 1058 3662 Deos.

291 3684 415 3733 inutiliter
424 3687 553 3736 stauretur
561 3695 651 3737 noram
659 3681 772 3733 contrairi
781 3679 940 3742 unitatem,
951 3679 972 3729 si
983 3681 1078 3742 orator,
1089 3673 1293 3740 executionum

261 3746 1292 3882 ffiffiffiffliwflmsimifflfflmmmffliw
