2864 4672
407 356 412 364 ‚
491 293 495 304 ·
550 277 555 298 ·’
584 285 738 344 ursum.
1107 264 1176 352 47³

144 392 147 403 ’
194 373 342 446 Tandem
355 373 382 444 si
396 363 582 452 sacrificium
596 370 706 468 ‘perfici
722 365 932 465 non'potuerit
942 367 1035 436 'intra
1054 381 1177 462 tempus

152 498 338 564 congruum,
352 470 468 565 species
482 469 640 551 servandae
654 482 740 546 sunt,
752 481 786 536 ut
796 464 935 558 sequenti
951 463 1002 540 die
1014 464 1055 534 ab
1067 463 1183 548 eodem

147 568 276 638 velatio
292 582 450 634 sumantur
463 582 533 660 post
547 563 664 660 species
676 587 753 656 quas
767 559 970 631 consecrabit.

193 662 290 732 leviti
305 663 461 732 rubricam
479 692 487 728 ε
503 660 646 730 sacerdos
659 659 786 755 quinon
798 657 899 752 potuit
913 658 952 724 ob
967 653 1176 725 infirmitatem

152 753 316 852 perlicere,
332 775 433 868 potest
450 755 676 826 communicare
691 781 763 825 cum
774 770 864 852 parte
878 753 986 822 hestiae
998 778 1094 846 quam
1108 778 1178 828 con·

152 853 302 937 serravit,
319 879 347 922 ει
362 855 441 922 desit
456 852 528 920 alia.

185 1024 221 1088 (α)
233 1026 363 1086 Dispulont
373 1037 404 1073 on
412 1025 451 1073 lim
461 1035 540 1074 cousae
551 1021 736 1072 subicerentad
747 1019 976 1082 interrumpendum
985 1019 1041 1082 post
1051 1029 1179 1068 consecra·
1237 1058 1240 1064 i

152 1094 458 1144 tionem.·Su1‘licererniivi
470 1093 595 1156 videntur.
646 1095 649 1104 “

185 1163 220 1226 (l)
231 1163 280 1212 Sed
289 1163 310 1212 si
321 1159 378 1211 autb
389 1163 610 1219 consecrationem,
622 1161 665 1211 out
682 1158 960 1220 postcommunionem,
971 1155 1034 1206 tecla
1049 1157 1125 1206 luerit
1138 1157 1178 1205 ἰιι·ι

153 1231 289 1293 terruptio,
305 1233 379 1280 misso
394 1244 452 1290 non·
463 1231 538 1287 debet
553 1230 583 1276 ab
594 1230 643 1276 elio
661 1228 756 1288 perfici.
772 1223 855 1280 sutem
875 1226 984 1292 prudeus
996 1224 1108 1287 estquod
1126 1226 1178 1287 jam

152 1299 284 1368 obiotn,¹sl
296 1301 360 1359 sint,
372 1301 396 1346 in
408 1297 457 1360 alid
467 1295 540 1346 missi
552 1297 695 1344 inserviant.

183 1367 280 1428 Qubdsi
291 1369 418 1416 dubitatur
426 1366 531 1416 aulacia
541 1364 617 1419 luerit
626 1365 786 1425 consecratio,
798 1363 908 1414 iteranda
918 1363 967 1413 erit
983 1365 1028 1412 sub
1038 1362 1179 1428 conditione

151 1439 319 1486 monteconce
339 1435 372 1485 td.
457 1443 463 1448 “
1014 1425 1018 1438 ‘
1162 1439 1165 1446 ’

184 1506 216 1568 (c)
231 1451 344 1556 Pluribiis
363 1505 447 1565 boris,
461 1496 534 1563 juxti
552 1503 621 1550 alios.
633 1490 681 1550 litt
701 1503 787 1551 dicunt
798 1515 805 1550 ε
817 1499 889 1550 ruodo
904 1501 1035 1564 meridies,
1051 1502 1096 1560 pili
1107 1499 1179 1551 modb

139 1575 142 1581 ”
152 1575 206 1624 dies
216 1575 268 1636 ipsa
277 1588 326 1623 non
337 1575 369 1622 sit
380 1575 508 1622 transacta.
518 1573 601 1620 Faciat
611 1572 778 1634 unnsquisque
788 1571 853 1632 quod
864 1571 911 1619 sibi
928 1571 1017 1619 meiius
1027 1565 1178 1634 apparuerit.

183 1644 300 1695 Sacerdos
315 1644 447 1708 perficiens
461 1641 566 1703 incipiat
583 1642 643 1690 tunc
653 1641 684 1709 ab
698 1638 759 1690 uodt
769 1655 891 1690 memores.
902 1641 928 1688 Si
939 1641 1052 1689 sacerdos
1062 1639 1180 1694 deiciens

152 1712 259 1761 hostiam
277 1713 330 1771 iam
348 1713 503 1772 sumpserit3'
517 1711 581 1758 ultor
601 1711 705 1772 incipiat
722 1706 737 1759 l
753 1709 873 1759 sumendo
893 1709 1022 1771 sanguine.
1042 1711 1072 1758 G.
1093 1709 1180 1760 Ante

128 1782 254 1830 *Gorttitt

114 1869 117 1872 ·
184 1845 220 1910 (d)
229 1848 280 1894 Sub
289 1847 402 1906 mortali,
413 1846 495 1908 lnquit
504 1845 595 1901 Straton
603 1846 659 1906 post
668 1847 700 1894 D.
714 1847 831 1898 ‘l'bomam
842 1845 893 1909 [th
902 1847 941 1910 p]‚
953 1843 1003 1912 imo
1014 1843 1082 1903 luxti
1093 1859 1180 1907 graves

152 1917 292 1977 theologos,
303 1917 530 1964 excommunicatus
545 1916 584 1962 cui
596 1915 728 1964 deficiente
740 1917 863 1975 tempore,
875 1919 1053 1965 absolutionem
1067 1919 1179 1979 recipere
1202 1963 1204 1968 a

72 2003 76 2010 ·
152 1999 202 2035 non
210 1987 309 2044 liceret,
318 1987 402 2045 posset
412 1986 438 2032 et
448 1983 551 2032 deberet
558 1984 692 2043 perficere,
703 1981 775 2034 modo
789 1981 899 2044 perfecte
911 1987 1045 2047 contritus,
1060 1987 1118 2046 quia
1135 1988 1180 2035 lex

95 2085 99 2090 ·
153 2053 238 2106 divina
253 2053 401 2116 sadritieium
420 2051 566 2112 perlicieudl
583 2052 703 2112 praevalet
712 2049 763 2110 ieqi
774 2052 889 2100 Ecclesiae
899 2055 1140 2103 excommunicatum
1165 2050 1180 2104 b

152 2123 228 2172 meris
248 2123 351 2171 arcenti.
365 2122 445 2171 Aliter
463 2120 540 2168 sentit
559 2119 708 2169 Benedictus
726 2122 780 2168 xlv
790 2121 818 2168 iu
836 2133 881 2170 auo
894 2123 999 2170 tractatu
1014 2123 1044 2171 de
1060 2124 1180 2173 sacrificio

44 2227 47 2236 i
152 2193 249 2250 mimae,
259 2189 364 2252 pauco,
376 2191 484 2264 sectione
495 2189 534 2236 iti.
544 2185 619 2250 drixqtd
631 2202 702 2249 eum,
715 2190 799 2249 euim.
813 2188 835 2242 si
852 2191 980 2250 sacerdos,
991 2192 1033 2251 qul
1050 2192 1181 2254 solumpo·

152 2259 203 2308 test
221 2261 352 2321 perlicere,
373 2259 405 2306 sit
417 2259 442 2306 in
461 2257 526 2306 statu
537 2258 634 2318 peccati
652 2257 778 2317 mortalis,
788 2271 835 2306 nec
845 2260 927 2307 valeat
945 2261 1072 2320 confiteri,
1087 2261 1180 2311 debent

148 2328 269 2378 testreet
280 2330 345 2378 celin
355 2329 381 2376 in
391 2327 550 2377 tabernaculo
562 2326 716 2386 conservari,
729 2330 754 2375 ol
765 2329 879 2388 sequenti
891 2322 931 2376 die
942 2325 955 2376 l
967 2331 1111 2379 celebrante
1122 2325 1180 2380 coo·

152 2398 226 2454 sumi.
237 2398 341 2446 Videtur
351 2397 414 2445 mibi
425 2398 499 2446 talem
511 2409 565 2444 sese
575 2395 766 2458 diffamatorum,
781 2399 807 2446 et
816 2409 870 2446 esee
881 2398 907 2446 in
917 2401 1039 2459 potestate
1051 2399 1129 2461 ipsius
1135 2399 1180 2450 bt·

152 2466 212 2515 bere
223 2467 395 2517 contritionem
411 2465 558 2526 perlectam.

182 2535 235 2584 Nou
243 2535 404 2596 improbabile
415 2535 515 2583 videtur
524 2531 674 2582 sacerdotem
685 2533 718 2583 ad
728 2533 887 2594 aegrotantem
901 2532 972 2595 longe
993 2535 1125 2584 distantem
1134 2549 1180 2588 vo-

154 2606 251 2664 catum,
260 2605 304 2664 qui
315 2603 436 2664 praevidet
445 2599 512 2662 qued
521 2615 569 2650 non
580 2604 672 2662 poterit
679 2605 814 2666 perlicere,
823 2617 895 2667 posse
903 2602 988 2657 statim
998 2605 1179 2656 commoneam

154 2669 203 2719 uisi
212 2670 246 2720 eit
254 2668 427 2731 aliusicjuuus
437 2668 480 2730 qui
488 2669 608 2730 perticere
618 2671 703 2734 possit.
798 2675 799 2680 ’

623 2825 707 2897 sni.

441 2989 655 3048 Deobserratime
664 2990 759 3044 rituum
768 2991 796 3043 lu
805 2991 889 3044 ubst

147 3145 149 3150 ’
196 3131 1179 3232 899.Runnicnritusinmissdpraecipieutesebligantsubgravi

156 3255 317 3322 exgenere
330 3255 386 3298 suo
398 3231 471 3314 [10,
486 3231 568 3315 u](
589 3232 616 3316 ).

196 3325 285 3417 Ergo
293 3323 478 3408 nullatenus,
493 3323 603 3414 saltem
615 3328 635 3391 d
646 3323 759 3414 veniali
771 3341 953 3398 excusantur
963 3328 1017 3422 epti
1026 3327 1077 3398 vel
1090 3329 1181 3410 mini·

156 3447 243 3489 mum
256 3419 350 3492 ritum
363 3418 508 3490 omittunt
521 3418 727 3516 culpabiliter,
743 3435 773 3490 et
789 3422 843 3516 qui
856 3424 980 3492 verbad
990 3425 1180 3496 caeremouiis

134 3528 312 3613 ¹separant.
761 3551 766 3560 ·
814 3578 819 3592 ,

189 3685 226 3752 (o)
237 3687 329 3737 vaes
344 3687 492 3749 reputantur
509 3688 653 3738 omissiones
670 3688 790 3738 ellertorit
804 3688 894 3739 hoedo
909 3689 1114 3742 antedictorum
1125 3692 1179 3754 elur
1207 3695 1210 3703 ’

158 3754 466 3818 brulmtxtionnequae
480 3757 617 3816 cumulum
635 3757 781 3808 elevationis
799 3755 887 3806 hostio
897 3758 923 3808 et
940 3760 1037 3820 mlicis3
1049 3762 1179 3822 patenmet

159 3826 243 3876 calicis
256 3817 486 3892 purificabouimet
503 3825 577 3877 terito
597 3826 737 3878 rituumio
751 3839 778 3880 so
796 3826 891 3879 levium
899 3828 1044 3891 mulotes
1057 3831 1083 3882 in
1093 3827 1180 3880 otton
