2960 4684
260 325 305 413 4²
512 323 568 394 'nr
592 320 1033 406 snonrno'rnntcenro

206 435 209 442 '
256 429 414 492 destinatum,
426 426 470 477 sed
481 431 506 482 tu
516 445 574 481 usus
582 430 712 490 permissos
722 427 913 492 ‹luosdeetarare
925 443 974 480 non
985 423 1094 497 ticetttd
1103 429 1288 491 ottmtntnrttute

256 501 508 558 arrestisjrrdteatum.
522 501 547 549 st
561 501 677 548 timeatur
693 513 724 548 ne
743 513 793 548 non
807 500 841 548 stc
851 501 978 562 judicetur
993 512 1059 548 nune
1070 503 1114 568 aut
1125 513 1157 548 ue
1176 501 1236 549 talea
1253 504 1288 550 stt

229 591 231 596 2
256 570 378 618 sententia
388 570 465 630 Batlty
473 604 481 630 ‚
490 571 599 630 legatum
612 571 691 629 potest
703 570 757 616 fieri
766 570 839 618 sicuti
848 569 888 619 lde
899 565 1049 617 dictumest.

287 637 321 698 (rt)
334 638 358 686 St
374 652 412 685 res
427 641 506 698 legata
525 639 557 687 sit
573 639 684 686 ecelesia}
695 653 752 686 curn
763 652 837 686 onere
847 673 854 697 ‚
864 641 889 688 et
902 649 957 686 eam
968 633 1033 686 dieta
1045 635 1149 686 eeclesia
1158 639 1286 699 acceptare

255 707 331 766 nolit,
343 705 452 756 traeredes
465 721 520 762 earn
529 708 648 764 *retinere
663 710 778 768 possunt,
790 709 812 766 st
823 709 847 756 id
859 709 960 756 testator
970 707 1133 767 expresserim
1149 703 1169 755 st
1179 719 1239 766 non,
1251 707 1287 754 te-

255 779 339 838 getum
351 776 381 824 ad
389 777 462 823 atiani
474 777 618 835 ecetesiam,
629 777 755 834 judicante
765 769 882 838 Episcopo
892 811 899 837 ,
908 777 1084 834 deterendurn3
1097 789 1151 836 quae
1160 777 1181 823 st
1193 777 1219 824 et
1233 777 1286 838 ipsu

254 847 367 904 recuset,
379 848 453 894 onem
463 845 536 904 legati
547 845 679 892 minuenda
692 847 758 896 sunt.
769 847 796 893 tn
807 846 873 894 omini
885 846 976 892 eventu
986 857 1026 892 res
1036 845 1062 892 tn
1073 847 1125 906 pias
1131 857 1215 893 causas
1224 845 1287 895 teret

255 913 428 974 trnpeudeuda.
437 915 562 963 tudieabtt
573 915 707 980 Episcopus
715 928 747 962 an
758 915 863 964 intentio
871 915 975 973 legantis
980 914 1168 976 praesumpta'sit
1176 915 1205 962 ut
1212 911 1287 970 encra

255 983 408 1036 mirruuntur.

285 1049 384 1096 Judtces
396 1047 552 1098 itiiterentne
563 1048 622 1099 tune
632 1049 758 1110 tegetum?
769 1050 865 1100 Nescio.
877 1049 946 1110 Quod
953 1049 974 1098 st
985 1048 1109 1109 tacerent,
1120 1049 1220 1097 vtdetur
1229 1061 1288 1110 pro·

255 1117 393 1166 cedendum
404 1117 467 1168 sieut
478 1113 551 1178 supu
566 1132 610 1178 pro
629 1119 708 1178 legato
720 1120 745 1167 iu
756 1119 810 1180 pias
826 1130 912 1166 causas
927 1129 973 1178 per
984 1119 1066 1182 legem
1078 1119 1188 1178 irritato,
1197 1118 1245 1166 uisi
1255 1119 1286 1166 de

256 1187 376 1238 renuerit
386 1188 512 1238 relurrtate
524 1188 646 1240 testatoris
657 1188 794 1250 prudenter
806 1189 981 1260 ‘prasumatua

639 1463 906 1536 APPENDIX

154 1641 160 1652 .
252 1657 257 1664 ·
339 1637 555 1686 »naonenomuns
565 1643 647 1690 raons
657 1643 810 1712 mousrs'ner
823 1645 1061 1682 enrrnsrensosm
1069 1647 1202 1688 mmm·
1253 1619 1256 1624 ·
1325 1635 1330 1646 .

297 1797 371 1884 449.
392 1789 598 1870 Donurronns
618 1783 740 1879 sponsis
756 1781 903 1853 fae'taei'n
925 1783 986 1852 hoc
1010 1791 1184 1882 praesertim
1204 1786 1287 1858 inter

241 1887 347 1982 plura
368 1887 408 1954 ab
423 1884 492 1952 aliis
520 1883 713 1976 discrepant,
736 1881 839 1974 quod,
859 1879 965 1950 multis
990 1881 1023 1950 in
1044 1883 1181 1966 casibus,
1213 1883 1286 1957 filiis

256 1978 419 2052 nascituris
429 1979 497 2050 fieri
513 1978 649 2076 pessinte
666 1977 751 2072 qudd
772 1977 1031 2072 bona'praesentia
1044 1995 1074 2047 et
1086 1979 1193 2058 futura
1205 2006 1288 2049 com·
1360 2046 1364 2052 ,

160 2131 164 2144 ,
240 2079 450 2173 -Ρτοὴοιιᾶοῐο
475 2093 606 2172 queant;
622 2077 708 2172 quod
721 2077 928 2168 acceptatione
944 2101 1007 2145 non
1028 2076 1205 2170 indigeant,
1224 2089 1285 2150 ete.

257 2176 338 2264 Quae
352 2174 463 2240 omnia
483 2190 514 2240 et
528 2189 640 2244 caetera
661 2173 733 2240 vide
754 2173 908 2266 capitibus
921 2177 942 2238 6
956 2188 988 2240 et
1004 2177 1043 2256 8,
1067 2172 1118 2241 tit.
1134 2202 1171 2252 a,
1193 2171 1251 2244 dih.
1266 2180 1287 2247 3

256 2265 327 2337 cod.
344 2268 393 2338 eiu
797 2265 799 2270 ’
1266 2291 1272 2302 ··

177 2431 183 2441 ’
297 2441 370 2522 459.
380 2428 501 2526 -Sponsi
519 2424 580 2499 sibi
600 2411 752 2512 invicem,
766 2427 816 2497 vel
829 2421 908 2510 iners
923 2425 1015 2500 alteri
1029 2429 1145 2499 donare
1157 2449 1287 2528 possunt

256 2529 420 2602 sub'certis
434 2526 729 2596 modificationibus.
962 2549 964 2554 ’

287 2626 363 2696 sed
374 2651 502 2721 sponsus
510 2622 615 2700 ,minor
625 2622 745 2716 indiget
755 2622 796 2691 ad
806 2621 865 2692 hoc
877 2645 1025 2692 consensu
1036 2645 1143 2691 eorum
1154 2648 1287 2716 quorum

248 2718 382 2812 ‘licentia
395 2724 436 2791 ad
450 2717 692 2790 contrahendum
717 2721 950 2790 matrimonium
969 2745 1047 2814 opus
1062 2719 1284 2812 habet(ro95).

299 2821 467 2888 Constante
480 2815 688 2904 matrimonio,
704 2816 885 2886 donationes
896 2841 1002 2907 ornnes
1017 2815 1097 2884 inter
1109 2819 1287 2914 conjunctos

256 2931 328 2984 sunt
340 2938 463 3006 semper
478 2909 799 3002 revocabilestro96).
837 2906 839 2912 ’

299 3010 336 3077 Si
352 3034 414 3078 non
426 3007 486 3076 sint
499 3004 573 3087 filii,
590 3005 854 3100 comprehendere
864 3006 969 3097 valent
978 3004 1130 3100 qrridquid
1142 3021 1290 3076 extraneo.

257 3103 327 3174 dari
350 3118 475 3198 potest„
494 3116 524 3170 et
550 3099 676 3195 insuper
701 3099 928 3174 usumfructum
955 3097 1117 3176 totalitatis'
1137 3099 1288 3194 portionis

257 3197 435 3273 haeredibus
451 3213 625 3266 reservatae.
691 3229 696 3236 ·

300 3295 337 3364 Si
351 3297 434 3364 ner'o
454 3293 517 3362 sint
538 3291 594 3359 filii
609 3290 658 3358 vel
681 3291 920 3374 descendentes,
944 3292 1166 3401 proprietatem
1190 3285 1304 3385 partis

247 3405 376 3483 ¹quartae
389 3391 542 3460 honorum
558 3403 587 3454 et
598 3381 724 3456 alterius
739 3404 857 3482 quartae
871 3405 969 3482 partis
979 3387 1224 3474 usumfructum,
1238 3386 1287 3455 vel

258 3483 361 3552 soddrn
376 3482 603 3550 usumfructum
619 3484 731 3550 mediae
744 3485 842 3578 partis
857 3485 981 3575 (1094).

301 3577 365 3646 Vir
379 3587 431 3654 aut
454 3601 549 3655 uxor,
571 3602 612 3648 eu
638 3576 699 3649 alio
723 3579 921 3647 matrimonio
944 3577 1023 3644 sdios
1046 3575 1179 3655 hahens,
1205 3598 1286 3642 nove

240 3705 241 3708 ¹
260 3671 384 3764 conjugi
398 3671 474 3740 darc
487 3670 623 3765 nequit,
649 3672 709 3741 nisi
733 3691 854 3768 partem
878 3670 1026 3765 aequalem
1039 3666 1123 3763 parti
1139 3665 1285 3757 legitimae

164 3803 169 3817 ι
260 3764 349 3835 unius
373 3770 390 3834 'e
414 3765 485 3835 filiis
505 3769 559 3867 qrri
581 3766 860 3861 minus‘habet,et
884 3768 1039 3860 nonqudm
1061 3761 1143 3838 ultrd
1164 3776 1285 3856 partem
1377 3815 1378 3820 1

262 3863 566 3962 quartombonorum
580 3861 707 3955 (ro98).¹
786 3859 789 3870 ’
967 3871 969 3876 ’
1258 3865 1262 3874 ’
