2960 4684
266 349 289 438 t
521 365 574 419 nn
594 362 779 417 sonnino
800 357 1036 416 rnncnnro
1068 385 1073 390 -

264 457 347 506 anun
356 454 451 518 qntoltt
461 453 492 504 ad
501 467 562 516 quos
571 466 660 514 pascuo
668 454 806 514 pertinent,
817 453 932 500 similiter
943 450 1062 500 tacerent.
1073 448 1209 511 Adderem,
1220 449 1287 512 quoa

264 527 307 575 ubi
319 526 375 574 tatis
383 527 420 575 est
429 538 502 584 usus,
513 525 558 571 troc
570 523 749 571 incommodum
759 521 984 581 rideaturvectigal
995 522 1068 569 terris
1079 521 1285 582 iltisimpositum.

265 595 313 643 Sed
324 595 411 644 talisne
422 595 526 642 estuans
537 593 601 652 apud
613 591 672 639 nost
682 593 733 639 Non
745 592 814 652 puto,
826 602 871 638 nec
882 590 908 638 iet
919 590 1013 637 adverti
1026 590 1053 638 in
1068 590 1192 638 invasione
1202 591 1286 638 t'oede·

264 666 381 724 satorum.
392 664 446 714 tam
459 663 496 710 sat
505 661 631 722 patiuntur
642 661 660 708 ii
671 673 716 722 per
725 671 830 722 quorum
844 658 907 708 flues
915 659 1040 708 exercitus
1048 659 1189 720 transeunt,
1203 660 1246 720 put
1257 661 1286 710 in

263 731 647 797 quorumnmoussmmorantur.
1219 739 1224 744 ·

557 993 918 1058 GOROLLARIUM
937 995 993 1056 11.

288 1146 379 1234 70¹5·
392 1145 445 1220 Es
458 1143 575 1238 lurtum
589 1157 634 1217 est
648 1149 855 1243 compensatio
870 1135 1155 1232 occulta,omnilius
1168 1149 1207 1219 ad
1220 1154 1285 1244 ejus

263 1248 412 1343 justitiam
422 1244 577 1339 requisitis
592 1245 835 1326 conditionibus,
849 1261 883 1313 ut
896 1246 1063 1340 saepissim'e
1077 1273 1139 1314 non
1154 1251 1282 1324 munita.

306 1344 374 1413 lmo
387 1357 418 1410 et
430 1339 537 1408 illicita
547 1343 645 1438 sape,
660 1339 800 1433 quamvis
809 1339 908 1429 justa;
927 1364 963 1408 ac
984 1340 1116 1434 proinde
1127 1350 1284 1438 nunquam

263 1438 329 1510 ler'e
348 1436 463 1506 consuli
477 1434 589 1531 potest}
656 1489 659 1497 s
761 1435 775 1459 '
1078 1509 1079 1518 χ

305 1533 370 1603 Per
384 1530 659 1626 compensationem
672 1545 775 1598 autem
784 1556 847 1598 non
859 1528 1039 1623 intelligitur
1052 1530 1103 1600 hic
1114 1533 1287 1630 adaquatio

263 1628 353 1696 unius
369 1627 463 1695 debiti
474 1651 529 1720 per
545 1624 641 1694 aliud.
661 1626 860 1714 Quotidiano
878 1625 979 1709 licite,
995 1631 1066 1695 clun
1086 1628 1191 1698 debita
1214 1646 1285 1698 sunt

152 1777 156 1782 .
264 1723 428 1816 utrobique
439 1738 534 1803 certa.

143 1905 147 1909 ι
306 1818 339 1887 N
342 1844 375 1884 ee
389 1817 526 1910 acceptio
541 1817 586 1886 rei
600 1838 662 1884 suae
673 1809 753 1909 apud
770 1813 957 1884 detentorem
969 1812 1117 1906 injustum
1128 1819 1283 1888 existentis

263 1909 298 1979 in
310 1910 483 1996 individuo.
498 1910 588 1980 Justa
600 1927 663 1993 est,
679 1911 743 1977 imo
757 1909 858 1993 licita,
873 1910 901 1978 si
913 1911 1099 2001 judicialiter
1116 1915 1214 2010 repeti
1235 1941 1284 1986 res

181 2083 192 2088 ,
263 2021 410 2100 nequeat,
425 2005 615 2098 viteturque,
632 2007 779 2096 quantlun
793 1999 900 2087 debet,
914 2005 1111 2090 scandalum,
1126 2027 1154 2077 et
1174 2009 1285 2077 iterata

263 2099 415 2169 testitutio
429 2113 463 2168 ut
475 2099 595 2169 dicetur
611 2099 703 2166 infra.
727 2097 816 2188 Quin
830 2115 859 2168 et
879 2101 1044 2170 moderata.
1062 2102 1109 2172 vis
1134 2103 1284 2174 detentori

263 2193 371 2264 inferri
385 2210 494 2294 potest.
1196 2241 1197 2246 κ

305 2291 370 2360 Sed
393 2287 575 2380 intelligitur
595 2286 676 2356 actio
699 2311 757 2380 per
780 2295 873 2379 qnam
898 2288 1038 2356 dominus
1061 2301 1112 2355 aut
1134 2290 1281 2370 creditor,

262 2382 390 2481 propril
399 2382 594 2463 auctoritate,
604 2385 721 2448 tannim
735 2381 845 2476 accipit
857 2383 896 2450 de
909 2382 997 2450 bonis
1009 2381 1086 2450 luris
1097 2381 1284 2454 debitorisve

262 2486 411 2572 quantum
424 2477 554 2549 aestimat
568 2477 628 2547 sibi
638 2475 743 2545 deberi
757 2478 797 2545 ab
812 2477 878 2545 illo.

300 2651 377 2727 drfi.
392 2646 593 2717 Conditione's
611 2660 713 2714 autem
733 2659 847 2712 utnon
866 2644 981 2734 injusta
1000 2641 1040 2714 sit
1055 2648 1280 2754 compensatio,

260 2766 389 2842 quoeque
399 2741 532 2820 nonsibi
542 2736 782 2836 compensantis,
794 2740 849 2808 sed
857 2739 986 2820 ulterius
995 2741 1155 2834 prudentrs
1165 2742 1282 2832 judicio

260 2839 378 2920 adsint,
394 2852 484 2905 sunta

305 2933 399 3000 r·⁰·Ut
417 2931 555 3000 debitum
574 2945 691 3000 certum
714 2929 755 2998 sit
777 2945 807 2998 et
826 2929 993 3023 liquidum.
1019 2938 1058 2997 In
1084 2929 1177 2999 dudio
1198 2935 1283 3002 enim

258 3026 435 3095 meliorest
458 3023 595 3092 conditio
618 3016 829 3115 possidentis,
857 3038 887 3093 et
901 3024 952 3092 via
972 3023 1060 3092 aliter
1073 3025 1163 3094 furtis
1174 3028 1283 3122 aperi-

249 3122 425 3210 retur(a).,

299 3223 333 3286 2⁰
346 3217 395 3285 Ut
408 3208 547 3284 debitum
564 3206 605 3282 sit
617 3240 653 3284 ex
663 3206 781 3305 justitia
793 3209 914 3297 strictl,
930 3210 1066 3308 alioquin
1076 3219 1283 3312 compensatio

255 3311 344 3396 lieret
362 3313 466 3388 contra
481 3311 530 3400 jus
543 3310 736 3396 alterius(b).
773 3393 774 3398 ἵ

296 3409 332 3473 39
346 3407 394 3474 Ut
407 3404 448 3473 sit
461 3421 531 3475 actu
549 3406 697 3474 debitum.

297 3500 335 3569 si
348 3515 451 3569 tamen
464 3497 637 3591 periculum
660 3498 779 3566 morale
803 3497 845 3566 sit
866 3521 907 3566 ne
927 3496 1051 3567 debitor
1065 3513 1204 3592 tempore
1220 3523 1281 3572 non
1333 3491 1337 3500 ’

256 3593 373 3678 solvat,
386 3591 527 3684 nihilque
536 3616 575 3658 ex
585 3590 751 3683 anticipata
761 3593 1007 3684 compensatione
1021 3591 1125 3658 damni
1134 3590 1280 3684 patiatur,

255 3689 425 3784 anticipare
437 3701 540 3786 potest
557 3685 694 3754 'creditor
709 3710 780 3752 cum
793 3687 950 3756 voluntate
972 3684 1141 3768 reddendi,
1153 3683 1181 3753 si
1202 3684 1280 3753 alter
1376 3719 1381 3728 ·

255 3784 369 3854 soluat.
556 3830 560 3836 .
982 3813 985 3818 ·

296 3883 330 3956 [ἶ
345 3879 391 3950 Ut
405 3874 483 3947 nihil
495 3874 631 3973 amplilrs
644 3870 811 3974 accipiatur
825 3875 920 3968 qutun
940 3869 1079 3953 debitum
1095 3873 1154 3960 sit,
1164 3897 1278 3976 occur-
