2926 4680
9 447 37 498 l*

554 337 840 418 maturauere
1139 326 1210 426 379

227 435 321 504 Unde
332 432 446 522 iterium
455 430 593 500 invalida
603 436 673 504 srvat
681 429 841 526 'sponsalia
853 430 893 500 ab
907 430 946 500 iis
959 431 1043 500 facta
1056 429 1112 526 qui
1125 431 1209 524 igno-

187 545 257 598 rant
270 531 382 620 ligatos
392 552 425 596 se
433 525 656 621 impedimento
664 521 763 595 'atiain
776 525 992 621 dispensabili,
1000 553 1057 596 nec
1067 551 1124 622 per
1137 523 1226 618 sub<
1284 607 1287 612 Ι

186 641 366 724 sequentem
378 623 811 718 dispensationemevaderant
820 620 951 716 valida.'
1000 665 1030 715 4

1217 711 1231 740 ἱ

217 805 323 870 (obluta
333 807 416 856 minen
427 807 592 856 ecclesiastico
602 770 710 854 invalida
721 806 838 855 videntur
848 806 969 866 sponsalia
980 805 1044 854 lacta
1054 799 1069 854 i
1079 805 1209 868 septennio

125 890 130 899 ·
184 877 335 934 minoribus,
357 877 402 925 etsi
418 871 568 937 probabiliirs
586 875 756 923 uenerationis
775 875 801 922 et
815 874 1056 936 prudentiaaetatem
1067 875 1208 934 suppleret,

168 953 172 958 “
184 944 237 994 nisi
239 980 247 1006 ,
258 947 372 1006 inquiunt
378 956 391 1006 ,'
397 941 497 1006 parlin,
508 958 532 993 v.
548 957 595 1004 gn,
603 956 648 990 sex
665 939 814 1001 mensibush
826 937 956 1002 septennio
974 943 1079 1002 distent,
1091 944 1165 1004 quia,
1179 945 1208 992 ut

131 1063 144 1086 θ
184 1016 220 1063 ait
230 1017 260 1062 D.
271 1017 388 1072 Thomas,
402 1015 469 1074 quod
474 1011 560 1074 parim
570 1013 653 1073 deest,
664 1013 728 1062 nihil
737 1025 792 1062 asse
800 1013 913 1062 videtur.
922 1013 1046 1073 Quidquid
1057 1013 1103 1072 sit,
1114 1013 1141 1060 in
1155 1011 1208 1064 ior'o

183 1085 287 1132 externo
297 1085 326 1131 ut
336 1084 403 1131 nulla
421 1078 571 1130 haberentur
584 1082 644 1129 talia
661 1082 797 1141 sponsalia,
813 1082 875 1140 nisi,
893 1081 1021 1140 septennio
1032 1081 1137 1140 adepto,
1153 1083 1207 1130 rata

184 1150 268 1200 habita
278 1153 376 1212 luerint.
397 1153 424 1198 lu
435 1152 523 1210 dubio,
538 1163 588 1199 non
605 1150 690 1205 forem
701 1150 868 1218 dissolvenda,
884 1151 910 1198 et
928 1163 986 1198 casii
1001 1149 1146 1211 eveniente,
1163 1160 1209 1212 pe·

183 1221 257 1270 tenda
267 1221 414 1282 dispensatio
424 1221 455 1268 ab
466 1220 642 1280 impedimento
652 1220 758 1279 publicae
767 1217 915 1278 honestatis,
927 1219 948 1266 si
959 1219 1024 1279 quod
1035 1219 1106 1266 toret.
1140 1277 1144 1284 1

214 1292 242 1343 ln
252 1291 352 1341 dicdeesi
371 1287 499 1340 bisuntina
513 1290 572 1336 talia
582 1283 727 1347 sponsalitii
737 1289 844 1346 parocho
862 1289 941 1348 recipi
960 1289 1105 1348 nequirent,
1122 1289 1181 1348 quia
1192 1285 1206 1334 'a

182 1359 358 1419 spondentibus
378 1357 686 1420 exigitur-..juramentum
696 1357 722 1408 et
735 1356 902 1413 juramentum
920 1358 951 1406 ab
965 1357 1135 1416 impuberibus
1150 1357 1205 1406 lieri

182 1429 277 1487 nequit.
726 1441 738 1468 ι
1200 1427 1203 1434 “

189 1486 192 1492 ’
212 1494 247 1558 (b)
256 1496 303 1555 Qui
323 1495 474 1544 contrahunt
490 1494 535 1542 sub
552 1492 690 1542 conditione
710 1491 899 1556 dispensationis
921 1492 1072 1553 obtinendae,
1088 1495 1206 1542 videntur

181 1565 287 1625 obligare
298 1579 324 1613 se
335 1567 368 1614 ad
385 1577 439 1612 eam
450 1564 626 1624 petendam,si
638 1563 771 1622 alteruter,
782 1563 853 1609 velit.
867 1563 949 1621 lunc,
968 1560 1061 1608 seclusi
1073 1564 1205 1610 consuetu-

179 1633 384 1694 vliascontrarid,
402 1635 514 1695 sumptus
524 1631 756 1692 tactatreqmrens.
765 1632 846 1680 Callet.
862 1621 1100 1692 AEquumiiderelur
1111 1632 1138 1679 ut
1152 1626 1204 1680 sint

180 1715 332 1752 commines.
1019 1745 1022 1754 ,
1124 1715 1130 1724 ·

210 1773 311 1819 isimon
321 1771 410 1821 desunt
428 1771 471 1830 qui
486 1771 515 1818 ut
532 1764 641 1817 invalida
655 1781 753 1827 semper
772 1768 864 1816 habent
882 1768 941 1815 talia
956 1769 1090 1829 sponsalia,
1112 1765 1204 1831 eiiam,

178 1837 250 1898 inxit
261 1841 368 1899 allapsos,
385 1839 532 1886 adveniente
547 1838 743 1896 dispensatione,
754 1830 789 1882 ita
796 1833 833 1882 ‘ut
844 1837 892 1884 nisi
904 1835 997 1883 luerint
1008 1837 1123 1884 renovata
1133 1839 1203 1897 tuno,

180 1908 300 1955 alteruter
314 1906 390 1966 possit
403 1919 515 1965 semper,
533 1906 611 1952 altero
620 1904 759 1962 renitente,
769 1903 876 1950 resilire.
890 1905 940 1950 lloc
952 1916 1000 1950 non
1009 1903 1107 1950 videtur
1117 1905 1204 1963 proba-

180 1975 240 2023 bile.
252 1975 288 2022 Λᾶ
305 1965 385 2021 minias
397 1971 452 2032 ergo
471 1972 550 2032 toret,
561 1974 582 2020 si
593 1985 675 2032 casus,
691 1971 798 2032 petenda
817 1971 964 2030 dispensatio
981 1971 1011 2017 ab
1027 1971 1204 2031 impedimento

179 2042 443 2105 publicaehonestatis.
655 2046 657 2050 ’
1158 2038 1162 2044 “

211 2111 304 2160 Statuta
312 2111 438 2158 bisuntina
449 2109 532 2157 vetant
550 2109 668 2168 parochos
685 2107 806 2172 sponsalia
823 2107 937 2170 recipere
948 2121 1032 2158 eorum
1041 2110 1086 2172 qui
1097 2109 1204 2181 impedi·

179 2181 264 2230 mento
273 2180 389 2241 ligantur,
408 2179 457 2226 nisi
467 2175 566 2227 obtenta
580 2173 649 2238 priris
659 2177 850 2238 dispensatione.

632 2287 749 2299 *ι*

182 2379 186 2386 ·
221 2346 293 2410 802.
316 2342 465 2409 Parentes
484 2331 569 2427 lnon
589 2339 729 2421 tutores)
752 2337 906 2433 sponsalia
927 2337 1108 2408 contrahere
1131 2365 1202 2433 pos·

177 2452 248 2504 sunt
261 2463 317 2528 pro
330 2435 506 2504 filiisetiam
520 2435 695 2516 absentibus
710 2450 763 2504 aut
776 2434 1009 2533 igriorantibus,
1017 2434 1071 2503 sed
1082 2435 1200 2522 nullam

178 2531 244 2620 baec
258 2531 417 2626 imponunt
428 2530 502 2599 filiis
514 2530 744 2622 obligationem,
760 2556 817 2598 nee
831 2530 963 2624 publicae
977 2528 1143 2598 honestatis
1155 2529 1201 2623 in-

178 2627 297 2694 ducunt
307 2626 576 2720 impedimentum,
591 2626 651 2694 nisi
664 2626 722 2692 filii
737 2625 895 2721 septennio
908 2628 1040 2716 majores
1056 2628 1198 2720 expressit

178 2721 227 2790 vel
240 2721 331 2788 tacit‘e
342 2722 443 2806 (olea
454 2735 520 2787 rata
533 2719 681 2789 habeant.
942 2727 951 2752 ⁸

219 2817 285 2886 Sed
300 2833 329 2886 et
343 2831 434 2898 tunc,
450 2815 477 2884 si
490 2820 562 2884 ante
572 2817 772 2908 pubertatem
790 2814 967 2898 laetasint,
983 2831 1123 2910 possunt,
1139 2813 1198 2884 haic

103 2965 105 2970 -
177 2913 288 3007 adepti
306 2915 382 2998 (non
393 2913 496 2997 anth),
518 2911 711 3004 probabilius
726 2911 854 2980 dissolvi
870 2911 948 2980 sicut
964 2929 994 2980 et
1010 2937 1078 3004 quae
1093 2909 1199 3005 sponsi

175 3007 403 3115 ipsilecissent,
414 3008 511 3075 modb
523 3013 626 3076 statim
641 3006 819 3090 reclament,
834 3022 886 3073 aut
894 3006 1082 3076 reclamandi
1093 3005 1198 3074 inton-

175 3118 291 3171 tronem
302 3102 411 3171 saltem
424 3102 621 3170 manifestent
634 3104 695 3190 (b).
713 3102 790 3170 Haec
805 3129 841 3170 cx
849 3103 928 3190 jure.

206 3288 243 3352 (o)
254 3285 336 3338 'l'acitt
347 3289 399 3338 raia
406 3287 666 3350 habentur,mittendo
678 3291 721 3336 aut
731 3288 879 3348 acceptando
889 3299 1006 3347 munera,
1017 3285 1139 3348 pergendo
1147 3297 1199 3333 sen·

174 3371 233 3406 vare
245 3369 334 3440 nomen
351 3357 447 3418 sponsi,
457 3359 499 3405 aut
509 3358 529 3405 si
551 3357 657 3407 indicata
673 3358 794 3418 potestate
814 3355 977 3414 reclamandi,
988 3369 1036 3404 non
1052 3352 1195 3403 reclament.

175 3427 339 3557 colbelldlalliii
349 3494 466 3544 reclamat
475 3494 518 3554 qui
529 3489 593 3542 iniri
603 3494 727 3558 triduum,
737 3495 833 3552 exlege
844 3461 925 3552 iinali,
935 3493 988 3541 cod.
999 3495 1094 3558 iudicis.
1103 3495 1194 3554 Boilly,

173 3564 222 3612 hisi
234 3558 382 3623 ignoraverit
390 3564 430 3622 jus
440 3575 526 3624 suum,
536 3565 594 3624 quia
603 3565 700 3623 tempus
711 3575 759 3609 non
771 3563 847 3610 currit
857 3563 986 3622 ignoranti.
999 3563 1077 3611 Collet'.
1088 3563 1134 3610 Sed
1145 3574 1193 3610 sion

173 3635 234 3694 puto
244 3628 382 3750 ‘lulfffi‘’
392 3634 445 3682 haec
454 3633 548 3683 valeret
559 3633 586 3681 in
596 3632 648 3680 loro
659 3633 763 3710 ermino
774 3633 800 3680 in
811 3645 859 3692 quo
870 3645 943 3680 nemo
948 3633 1071 3708 jussuum
1082 3633 1193 3694 ignorare

172 3714 288 3763 praesumi
329 3733 339 3754 .

634 3793 751 3806 ——u—

177 3841 186 3862 ⁸
215 3859 288 3926 803.
304 3855 507 3950 lllicitansunt
523 3829 679 3940 sponsalia
697 3831 978 3954 filiorum-familiis
999 3833 1193 3927 minoremve
