2960 4684
590 308 845 412 «anennual.
1147 362 1148 365 π
1192 319 1239 388 65

217 429 301 500 laesio
322 442 368 496 est
388 427 521 496 enormis
541 427 555 510 l
573 425 695 493 ausieli
713 428 768 493 des
792 439 860 520 sept
877 415 1052 496 douziimes
1067 424 1109 492 du
1131 424 1238 520 prix).

217 525 282 602 Sed
299 523 366 590 lraec
377 519 481 590 valent
494 524 614 588 tantum
626 545 684 614 pro
698 519 767 588 foro
782 535 937 587 externo„
1070 593 1073 596 ,
1227 591 1239 610 ⁴
1298 594 1306 611 .

257 615 361 688 Tituli
373 631 476 684 autem
490 614 563 704 justi
576 620 601 682 a
609 615 711 710 pretio
729 613 851 704 vulgari
866 611 1033 698 recedendi
1046 628 1160 694 sunta
1219 614 1233 640 ⁸

226 781 228 786 ,
261 720 292 780 1⁰
302 714 400 782 lidem
409 711 462 804 qui
471 737 528 804 pro
542 711 626 778 luero
640 711 673 778 in
686 725 810 791 mutuo,
822 709 995 802 iisdemque
1008 708 1117 777 vestiri
1128 708 1243 781 debent

217 808 358 886 dotibus,
377 808 519 876 addendo
533 807 617 900 qu‘od
630 822 703 874 tunc
721 805 891 874 monendus
905 802 947 878 sit
964 801 1043 872 alter
1056 803 1243 882 contrahens
1285 850 1295 874 .

217 909 273 998 qui
287 903 366 970 forte
380 901 474 968 nollet
488 902 550 983 sic,
569 900 645 969 alibi
657 900 768 968 molins
783 904 972 968 inventurus„

258 997 341 1064 Hinc
352 996 405 1090 qni
418 995 510 1064 tendi
525 997 565 1064 ad
575 995 818 1072 subveniendum
832 992 967 1090 propriae
977 993 1168 1082 necessitati,
1179 1020 1243 1065 non

160 1083 164 1089 ’
217 1109 316 1186 potest
329 1092 410 1159 ultra
425 1091 561 1185 pretium
586 1091 712 1181 vulgare
726 1091 878 1172 vendere,
905 1091 945 1159 ob
958 1092 1078 1160 lucrum
1096 1089 1241 1174 cessans,

219 1205 297 1272 eto,
314 1187 387 1280 quia
401 1186 554 1268 venditio,
569 1211 631 1253 non
646 1202 678 1254 ut
692 1185 809 1278 libera,
827 1187 882 1254 sed
895 1201 929 1254 ut
944 1187 1135 1269 necessaria,
1151 1212 1244 1256 eausa

218 1297 265 1352 est
277 1281 368 1372 hujus
383 1281 463 1348 lueri
481 1281 640 1349 cessantis.
824 1272 835 1289 ’
1137 1277 1141 1288 ’
1328 1363 1332 1368 .

262 1385 293 1445 2⁰
306 1377 524 1454 subhastatio,
539 1396 594 1445 seu
612 1375 696 1472 quoe]
711 1375 976 1471 venditioemptio
990 1377 1043 1444 fiat
1055 1375 1089 1444 in
1102 1375 1245 1446 auctione

218 1472 342 1568 publica
352 1473 548 1558 (delentem).
564 1471 658 1539 Tunc
672 1470 805 1567 pretium
815 1474 929 1564 justum
945 1471 1007 1554 est,
1022 1469 1079 1540 etsi
1089 1476 1109 1542 a
1121 1471 1244 1569 vulgari

219 1568 374 1639 ordinario
388 1567 515 1635 recedat
524 1619 532 1648 ‚
541 1567 620 1660 ,qnia
634 1566 733 1659 legale
747 1583 808 1648 est,
825 1582 856 1636 et
867 1567 954 1660 quasi
970 1567 1109 1660 vulgare.

259 1662 377 1754 Legale
390 1662 538 1756 quidem3
568 1661 642 1754 qnia
660 1662 738 1729 illud
758 1663 921 1752 admittere
933 1661 1056 1732 videtur
1078 1662 1244 1733 auctoritas

218 1758 362 1854 publica,
380 1757 526 1848 erigendo
540 1757 643 1825 forum
655 1756 734 1827 illud
748 1757 1038 1836 extraordinarium.

207 1883 209 1889 ⁴
261 1853 362 1942 Quasi
373 1852 503 1944 vulgare
515 1856 612 1931 verer
642 1851 715 1945 quia
735 1851 763 1918 si
780 1878 843 1919 non
857 1847 970 1946 petitur
985 1856 1095 1921 revera
1112 1855 1153 1922 ab
1169 1852 1244 1948 opi-1

219 1947 310 2016 aione
321 1945 424 2038 vulgi,
450 1945 643 2017 constituitur
655 1962 759 2015 tamen
772 1974 836 2042 'per
856 1947 939 2040 ipsos
956 1947 1107 2016 licitantes
1128 1949 1245 2042 absque

221 2057 364 2134 respectu
377 2041 417 2108 ad
431 2041 562 2132 pretium
580 2042 665 2134 quod
680 2066 728 2110 res
746 2040 822 2108 alibi
840 2039 1065 2128 haberent(b)t
1092 2058 1124 2111 et
1136 2042 1177 2112 ob
1195 2067 1244 2111 ee·

220 2135 307 2230 piam
319 2133 502 2204 licitantium
513 2137 569 2222 (t).
1204 2159 1211 2175 f

262 2231 325 2298 Hic
338 2232 505 2300 notandum
517 2237 598 2327 saepe
619 2233 653 2300 in
667 2231 894 2303 venditionibus
907 2229 965 2315 sul)
989 2231 1079 2302 hasta
1092 2229 1245 2302 committi

221 2325 385 2418 injustitias
400 2332 430 2392 1⁰
443 2353 481 2394 ex
497 2343 585 2420 parte
598 2327 784 2406 venditoris3
805 2332 876 2396 cum
891 2353 948 2421 per
974 2353 1008 2395 se
1021 2343 1075 2395 aut
1087 2353 1143 2420 per
1156 2329 1245 2396 fretos

220 2439 373 2518 emptores
383 2423 481 2492 licitae
490 2438 524 2489 ut
534 2439 683 2512 augeatur
692 2422 845 2518 pretium
861 2423 933 2516 quia
945 2436 989 2491 est
1000 2421 1091 2492 simul
1101 2424 1247 2494 venditor

219 2538 250 2590 et
264 2534 404 2614 emptor,
417 2535 448 2589 et
461 2519 520 2588 soli
536 2534 688 2614 emptores
702 2519 861 2590 incurrunt
874 2517 1055 2615 periculum.

263 2622 295 2682 2⁰
309 2616 360 2683 Ex
370 2630 462 2708 ‘parte
477 2629 668 2708 emptorum
686 2615 713 2682 si
727 2617 902 2712 conspirent
915 2630 946 2684 et
960 2613 1162 2683 determinent
1175 2639 1246 2710 pre·

220 2710 299 2776 tium
321 2709 404 2778 ultra
428 2711 511 2804 quod
536 2735 600 2778 non
622 2712 804 2794 ascendent,
832 2711 942 2779 saltem
969 2709 997 2778 si
1023 2709 1063 2778 sit
1086 2709 1168 2779 infra
1192 2710 1246 2778 in*

222 2807 330 2872 limum
343 2807 413 2890 (d),
434 2821 486 2892 aut
499 2807 546 2889 vi,
568 2807 641 2875 dolo
664 2807 715 2876 vel
732 2807 843 2877 fraude
865 2810 959 2900 [499]
984 2805 1062 2876 alios
1089 2824 1250 2906 emptores.

223 2915 360 2970 avertant
376 2901 416 2968 ab
429 2901 569 2971 auctione
585 2903 643 2990 (’).
686 2913 715 2982 ᾗ
1246 2929 1256 2937 “

263 3001 298 3063 3⁰
311 2995 361 3064 Ex
375 3011 462 3090 parte
477 2996 657 3065 officialium
671 3011 724 3064 aut
738 3010 934 3091 praeconum,
969 2989 996 3066 si
1010 2994 1184 3066 auctionem
1200 2994 1246 3066 iu·
1261 3005 1264 3010 ⁴

222 3092 347 3158 stituant
361 3117 398 3159 eo
413 3106 629 3185 temporeque
644 3116 758 3185 paucos
772 3091 872 3160 seirent
885 3091 1006 3159 suanos
1021 3108 1191 3186 emptores,
1211 3107 1247 3158 ut

221 3187 331 3278 nempe
345 3183 452 3253 amicis
466 3187 588 3266 faveant
601 3221 610 3268 ;
639 3185 667 3254 si
683 3187 774 3256 eitius
788 3202 841 3254 aut
853 3186 971 3254 tardius
986 3205 1053 3254 rem
1067 3185 1252 3279 adjudicent*

198 3359 207 3364 ,
223 3281 318 3369 qnam
330 3277 399 3346 fieri
419 3279 497 3347 solet
509 3291 540 3347 e't
553 3279 707 3348 convenit.

257 3465 294 3530 (a)
305 3462 544 3527 Demaenetum,
555 3482 580 3517 u.
596 3471 700 3530 g.‚ttbrr
719 3473 855 3532 antiquum·
863 3471 996 3532 exponitur
1013 3471 1081 3534 apud
1091 3473 1247 3525 lateranen·-

225 3538 314 3596 iarios,
323 3547 373 3586 non
383 3536 483 3585 ridetur
492 3547 589 3597 semper
602 3540 718 3596 injustmr
729 3543 746 3586 si
760 3541 928 3606 ornaturinira
938 3541 1122 3602 pretiumque
1132 3545 1247 3592 censetur

224 3609 283 3655 tune
294 3607 421 3673 antiquum
429 3605 538 3667 pretium
548 3607 708 3667 perdidissse,
720 3615 744 3657 et
755 3610 826 3658 suurn
834 3623 931 3659 sumere
941 3623 974 3659 ex
985 3610 1079 3671 judicio
1090 3613 1247 3672 frequentan-

223 3675 287 3721 tium
295 3664 474 3724 latesoiflclnas
487 3674 516 3723 ut
531 3676 558 3724 in
567 3675 721 3724 auctionibus
736 3681 851 3738 publicis.
863 3681 955 3728 itemst
969 3682 1145 3745 proprietarius
1156 3683 1247 3732 librum

220 3742 400 3800 jnnuetuterit
410 3745 441 3792 ad
457 3743 611 3793 vendendam
628 3746 704 3793 solam
714 3747 832 3796 chartam.
842 3751 906 3797 Dens
916 3745 970 3809 post
979 3749 1114 3796 Dneimmn.
1127 3749 1175 3798 Sed
1187 3755 1247 3798 trare
1318 3761 1319 3764 ’

223 3821 385 3869 nrrpporrerem
396 3811 483 3862 saltem
493 3811 559 3874 quod
570 3809 611 3861 hle
622 3813 730 3862 vendens
739 3811 872 3876 cognoseat
885 3817 1040 3877 pretinmret
1056 3829 1114 3865 suae.
1126 3821 1127 3826 ’

255 3882 289 3942 tt)
301 3881 368 3929 tnnc
375 3882 483 3947 pretium
492 3883 587 3945 iustum
598 3885 648 3944 est,
661 3884 731 3933 aiunt
741 3886 856 3946 quidam,
868 3886 954 3935 eistete
964 3887 1065 3935 dimidio
1077 3881 1089 3933 'a
1105 3889 1197 3946 religari
1210 3887 1247 3932 νεὶ

325 3969 350 4003 a.
1120 3959 1134 4010 5
