2960 4684
63 2377 77 2404 0

213 354 269 442 ’.ιι
464 345 1007 448 'nnsenrrnoanmoaero
1096 422 1099 431 .

224 491 226 496 v
248 459 392 520 Emmanuel
402 470 433 520 Sa
443 470 469 520 et
479 472 605 522 Tannerus
614 473 690 522 talem
701 468 715 520 i
726 473 880 524 restitutione
891 476 1039 536 generaliter
1051 473 1174 528 ιιιιιιιιιιι

196 540 364 620 ιιιιιιιιιιι
373 543 567 604 consentaneum
577 539 752 602 uideturqudd
762 545 870 594 ιιιιιιιιιι
880 546 990 606 solvens,
1001 547 1063 596 illud
1073 549 1132 594 tune
1147 561 1204 598 non
1206 562 1245 598 re·

189 611 299 672 ·petat,
311 610 364 658 et¹
346 622 381 658 sic
393 610 508 659 viderent
520 610 633 670 homines
646 611 790 672 simplices.
798 611 848 662 lieo
859 613 926 672 euim
940 626 1039 676 aequum
1048 615 1076 664 ut
1086 616 1202 713 mutuans
1211 631 1243 667 ex

207 691 299 729 errore
310 679 355 728 sito
361 677 479 740 patiatur.

606 775 609 782 ¹
657 773 771 792 uun-

196 829 331 906 aaa
357 833 402 892 ι·
409 791 565 891 Mutuans
591 839 717 890 moneat
736 826 969 894 mutuatarium
985 827 1025 895 de
1038 828 1245 912 indemnitate

214 917 465 1017 percipiendam
488 917 629 1012 hancque
643 921 812 996 consentiat
798 921 904 1002 tiste.
920 921 1040 993 Forsan
1054 924 1243 1006 anianollei
1276 1001 1281 1004 ,

148 1087 156 1118 χ
216 1043 296 1099 cum
302 1041 394 1096 onere
407 1014 464 1106 tali
478 1014 618 1124 accipere
630 1031 769 1087 mutuum
778 1017 840 1102 (a).

256 1093 380 1179 Hinc
355 1137 382 1178 ει
396 1099 567 1178 damnum
559 1109 781 1204 impraevisam,
798 1129 872 1192 etc„
886 1111 1023 1194 eveniat,
1039 1109 1242 1197 mutuatarius

214 1233 277 1276 non
290 1207 424 1278 monitus
434 1232 497 1274 non
510 1207 665 1274 tenebitur
676 1205 755 1276 illud
769 1232 967 1302 compensare
975 1207 1033 1294 (b).

215 1301 345 1465 Belne
356 1327 431 1474 νᾶιιο
441 1328 469 1370 ιι
459 1301 628 1371 damnum
635 1317 770 1388 eveniat,
784 1319 858 1386 etc„
871 1303 914 1370 ob
922 1327 1044 1372 moram
1058 1277 1241 1398 culpabilem
1289 1329 1295 1339 ‘

214 1397 408 1468 inserena

245 1561 282 1628 (ιι)
294 1567 327 1612 Eo
346 1565 400 1625 ipso
410 1560 475 1625 quoa
488 1564 583 1624 petttnr
599 1561 748 1613 indemnitas
762 1565 788 1620 et
801 1577 855 1615 eam
866 1565 978 1627 acceptat
996 1565 1175 1624 mutuatarius.
1185 1583 1242 1618 eon·

213 1629 307 1681 tractus
316 1633 347 1680 de
358 1631 387 1680 et
396 1632 437 1690 nt,
446 1631 508 1692 etsi,
519 1633 634 1692 inquiunt
642 1633 768 1691 Delugoet
778 1634 965 1692 alii‚dedamrro
976 1637 1040 1684 nihil
1048 1637 1242 1695 dicatmnluans.

214 1695 273 1748 Nim
284 1711 384 1760 varum,
394 1697 454 1748 licit
464 1702 601 1759 oecultum,
613 1701 714 1749 titulum
724 1701 807 1750 habet
819 1704 870 1750 lloc
887 1703 991 1760 faterer,
1003 1705 1024 1750 si
1034 1705 1150 1754 mutuans
1160 1707 1242 1756 inten-

213 1768 257 1817 dat
265 1766 366 1816 titulum
375 1765 557 1828 indemnitatis,
569 1734 612 1816 alit
622 1769 717 1817 alium·
711 1781 737 1816 m
746 1781 835 1828 genero
853 1770 962 1829 lustum,
973 1773 993 1818 si
1003 1772 1108 1833 habeat,
1118 1775 1177 1835 quia
1186 1788 1242 1824 mu·

214 1838 399 1900 lanteriustune
411 1839 540 1888 consentit.
552 1837 577 1886 Si
587 1840 670 1886 autem
679 1839 795 1886 mutuans
803 1835 996 1888 uniciintendat
1006 1842 1103 1890 lucrum
1113 1845 1241 1904 percipere

214 1897 331 1960 extituto
342 1906 467 1968 usurario,
482 1907 615 1967 nequidem
632 1907 763 1956 actualiter
780 1908 927 1956 intendens
924 1911 1077 1968 generaliter
1099 1913 1190 1962 lucrari
1208 1926 1241 1962 ex

214 1981 280 2029 omni
292 1979 364 2030 titulo
373 1979 439 2040 iusto
450 1941 575 2042 possibili
579 1993 627 2029 non
635 1979 713 2031 audeo
724 1993 896 2041 pronunciare,
901 1995 959 2043 quaa
967 1983 1016 2031 dici
1026 1985 1112 2064 nequit
1121 1985 1173 2034 sieri
1183 1987 1242 2034 tune

213 2051 280 2100 luter
287 2051 441 2098 mutuantem
448 2051 473 2099 et
483 2051 658 2098 mutuatarium
669 2051 822 2099 contractum
828 2051 858 2099 da
870 2050 1031 2100 indemnitate
1032 2049 1241 2115 ,cdmneqaidern

212 2119 245 2167 de
255 2117 284 2167 et
295 2120 425 2179 cogitetur.
433 2119 590 2168 Addotamen
601 2120 729 2168 observata
739 2117 826 2169 meaa·
818 2123 846 2168 ιιι
854 2119 913 2169 nott
923 2121 1010 2170 ultimi
1021 2133 1077 2170 eum
1085 2124 1242 2218 proportione

213 2187 246 2238 ad
254 2187 337 2236 notam
350 2187 496 2254 praesentem
510 2189 645 2246 pertinere.

239 2253 367 2304 iliortrorr
376 2265 425 2300 non
436 2249 514 2298 audeo
523 2253 605 2300 dicere
618 2253 716 2300 cumi).
725 2254 844 2308 Roudon,
857 2265 881 2297 ι
867 2255 1008 2308 norantem
1023 2267 1049 2304 se
1060 2255 1176 2304 damnum
1187 2271 1241 2318 pas·

124 2325 129 2332 ‘
210 2333 303 2374 aurum
309 2323 335 2369 et
345 2322 463 2368 interesse
474 2322 556 2366 tamen
565 2316 819 2378 absolutiacproindd
831 2321 970 2366 usurarium
986 2322 1158 2384 stipulantem,
1170 2337 1240 2384 posse

211 2390 276 2446 illud
285 2391 412 2450 accipere,
420 2389 441 2435 si
452 2383 538 2435 reveri
548 2389 664 2434 damnum
675 2387 782 2434 eveniat.
794 2388 820 2434 Si
834 2385 901 2432 enim
909 2389 1041 2435 onusillud
1051 2401 1100 2436 non
1111 2394 1239 2454 prenavit,

190 2471 261 2510 uon
272 2459 369 2519 potua
381 2456 472 2506 etiam
466 2468 493 2503 ιιι
503 2455 616 2514 contuso
631 2455 693 2502 illud
704 2456 820 2502 vendere
835 2455 933 2514 Detapo.

243 2527 278 2590 (b)
289 2527 352 2588 Quia
366 2527 481 2574 mutuum
500 2488 628 2584 accepturi]
644 2525 680 2572 est
689 2519 760 2582 iuxta
771 2536 841 2571 suam
857 2525 988 2583 naturam,
996 2523 1070 2573 idest
1075 2525 1237 2592 ,ιιιιιιιιιιιιιιΙ

195 2597 274 2649 sunt
288 2599 373 2646 umen
388 2593 586 2657 quibusvidetur
603 2594 757 2642 mutuantem
773 2605 844 2654 posse
855 2592 914 2640 tunc
925 2593 1024 2653 exigere
1035 2594 1238 2657 indemnitatem

210 2659 270 2730 qnia
280 2679 330 2732 non
341 2665 456 2713 censetur
464 2654 578 2711 mutuum
589 2661 684 2710 dedisse
697 2661 746 2709 nisi
759 2663 805 2710 sub
816 2659 865 2708 hie
873 2662 1024 2718 conditione.

152 2771 157 2776 .
240 2720 333 2785 Saltem
341 2746 442 2796 aequum
456 2732 521 2780 esset
530 2728 596 2793 qnid
610 2731 774 2780 mutuatarius
788 2731 945 2781 indemuisel
956 2732 1051 2782 Durum
1064 2735 1102 2822 est
1112 2734 1179 2786 euim
1193 2713 1238 2804 aliq

144 2837 146 2845 ι
210 2816 286 2868 ςιιιιιι
295 2804 348 2866 pati
361 2815 421 2866 quaa
433 2801 559 2850 beneficus
569 2801 627 2850 ιιιιι
795 2815 798 2818 ·
1087 2833 1089 2843 ,

657 2883 769 2902 μ

193 2948 327 3024 aar.
352 2947 396 3010 3⁸
421 2940 564 3009 Lucrum
587 2964 710 3016 cessans
737 2955 768 3010 ct
791 2936 957 3010 damnum
968 2965 1168 3038 emergens]
1159 2944 1237 3014 ust'e

210 3053 359 3118 aestimari
349 3037 483 3106 debent
491 3037 552 3122 (o)

194 3132 391 3204 Lucrum
400 3132 550 3227 quidem
539 3133 626 3224 Juxta
639 3117 727 3226 spem
744 3097 844 3213 illins,
865 3130 1006 3200 deductis
1022 3132 1237 3228 impensistb)

202 3226 410 3298 Damnum
419 3251 494 3297 vero
505 3229 595 3322 quale
603 3243 660 3296 ent
671 3228 795 3320 quando
803 3242 902 3294 veniet
906 3245 1080 3309 merentea
1088 3231 1235 3302 aleatorio

210 3324 394 3404 estimatum
413 3326 461 3393 ad
462 3324 549 3418 quod
561 3325 716 3416 cogendus
727 3349 787 3392 non
801 3339 847 3391 est
855 3326 1070 3400 mutuatarius

192 3417 322 3490 Nec
330 3435 435 3489 stanna
444 3421 596 3489 sumenda
606 3419 795 3489 mdcmnrtas
802 3420 924 3504 (c)

220 3583 284 3652 (ιι)
288 3571 339 3648 our
346 3586 377 3636 ab
388 3567 514 3649 emptione
530 3577 601 3635 tundi
611 3587 655 3642 aut
667 3587 754 3637 domis
767 3535 916 3638 abstinetse
919 3589 949 3636 ob
960 3569 1102 3648 mutuum
1098 3526 1236 3634 vacaturo:

196 3655 315 3707 Bouvler
324 3658 453 3724 percipere
463 3669 533 3717 posse
545 3658 559 3704 li
569 3669 614 3718 pro
632 3658 690 3718 loo,
708 3657 831 3718 quamvis
831 3669 880 3704 non
890 3653 989 3706 tantiam
999 3668 1032 3706 cx
1046 3655 1123 3703 tundo
1133 3663 1234 3716 percepi·

206 3725 280 3776 turus
290 3723 336 3786 slt3
346 3725 404 3786 quia
414 3719 526 3774 homines
534 3724 612 3786 pluris
620 3724 747 3775 estimant
750 3725 927 3805 proprietatem
936 3717 1089 3796 immolantem
1103 3725 1130 3786 et
1140 3728 1234 3796 perrara·

209 3793 328 3856 nentem,
336 3795 368 3842 ob
378 3794 599 3843 delectamentum.
614 3795 696 3844 addit
698 3790 734 3843 itii
744 3795 797 3842 esso
807 3795 914 3856 praxim.

241 3859 276 3924 tt)
241 3859 352 3922 (lind,
363 3861 468 3912 deducto
478 3864 576 3924 labore,
586 3859 657 3922 juxti
666 3865 773 3922 aliquos,
783 3863 831 3908 nist
842 3864 925 3910 tannen
935 3860 1050 3910 mutuans
1062 3853 1096 3908 na
1110 3858 1142 3908 sit
1150 3857 1233 3920 dispo

151 3957 156 3960 -
210 3927 271 3982 silus
282 3932 309 3983 ut
320 3943 359 3979 ma
360 3930 389 3982 tit
399 3931 526 3982 uberare
520 3945 546 3982 ιιι
556 3933 626 3982 lucro
637 3932 748 3981 iaciendo
759 3912 934 3992 ιιιιιιιιιιιιιιιιιι
943 3937 993 3978 noa
1010 3929 1102 3978 tacere
