2950 4680
254 365 325 462 298
405 357 876 450 orreoruronr'snxro
901 359 1137 431 rumonnr'o

250 467 346 539 riatrem
357 475 508 533 matremve,
519 471 547 520 ut
555 467 637 520 tetum
648 470 801 529 minuentem
812 469 975 528 edoceantnm
986 467 1029 516 tot
1039 468 1108 521 enlm
1121 479 1165 520 eet
1177 467 1280 523 interro.

250 557 308 605 earo
318 555 368 592 non
378 541 507 591 audebunt
515 541 558 589 aut
567 535 582 588 t
593 535 761 588 mattolectis
771 534 1024 590 malledoceltutttttr·

724 679 804 743 set

592 826 654 874 cum
664 823 937 885 matrtmonloinnetls.
1009 787 1015 794 ἱ

144 993 148 1006 ·
258 959 261 966 ’
290 996 365 1060 727·
380 965 425 1034 Νι
436 965 527 1060 nupti
540 964 857 1060 noscanturimplcre,
870 961 1224 1034 identidemrerocanda
1235 964 1279 1035 eis

245 1061 278 1130 in
296 1078 432 1130 mentem
454 1077 561 1130 mutua
583 1059 749 1144 amicitia,
767 1069 917 1156 precum,
937 1058 1090 1156 exempli,
1106 1059 1232 1151 justitia·
1249 1074 1279 1130 ct

244 1157 534 1230 fidelitatisolfieia·
572 1181 577 1192 '
1274 1167 1276 1176 ’

287 1252 474 1322 Necessaria
484 1249 634 1320 edocendi
642 1249 696 1344 qui
704 1251 844 1320 nonditm
853 1248 1168 1323 autnonsullicienter
1176 1249 1278 1321 edocti

237 1357 315 1416 'sunt
329 1363 470 1416 sanctum
480 1345 670 1414 matrimonii
682 1371 772 1416 usum
792 1349 902 1441 [887];
926 1361 956 1414 ct
971 1345 998 1413 si
1013 1345 1076 1436 jam
1090 1343 1279 1416 sufficienter

243 1441 357 1525 edocti,
373 1441 586 1533 interrogandi
601 1457 716 1524 tamen,
734 1445 911 1536 pracsertim
925 1455 1065 1507 recenter
1078 1439 1183 1534 nupti,
1198 1455 1277 1508 tem·

242 1536 387 1628 poribus,
403 1566 433 1607 v.
450 1564 521 1627 gu,
542 1535 720 1630 paschatis,
738 1535 856 1624 jubilari
872 1551 902 1603 et
912 1534 984 1604 aliis
999 1533 1274 1621 extraordinariis,

241 1631 407 1722 numquid
423 1629 898 1722 eos'cireadelritumconjugale
915 1645 945 1698 ct
956 1646 1059 1700 actum
1076 1655 1139 1697 non
1160 1657 1276 1700 remor·

241 1724 324 1805 deat,
333 1741 361 1793 et
377 1725 407 1794 in
419 1724 599 1819 particulari
612 1729 688 1794 niun
699 1746 764 1794 non
777 1726 908 1798 timeant
918 1723 1036 1794 habere
1049 1725 1184 1820 prolem,
1198 1731 1274 1796 niun

240 1844 303 1888 non
319 1820 522 1916 pollutionem
536 1826 642 1901 extra,
665 1839 739 1903 etc„
763 1821 823 1892 sibi
845 1836 1032 1917 procurent,
1052 1823 1274 1917 praemonendo

240 1919 324 2003 aegre
336 1917 404 1986 steri
418 1916 492 1985 talia
508 1917 649 2011 (sentito,
664 1919 719 1988 sed
729 1917 939 1990 necessarlum
951 1919 1070 2011 utpote,
1086 1919 1173 2012 quod
1184 1917 1278 1986 multi

240 2011 467 2082 damnabuntur
482 2014 523 2082 ob
536 2031 664 2107 peccata
683 2015 717 2084 in
730 2029 813 2084 statu
826 2011 1017 2084 matrimonii
1030 2037 1098 2104 quaa
1115 2038 1173 2082 nec
1191 2011 1273 2083 levia

238 2110 425 2201 reputabant
440 2113 504 2192 (a).
824 2107 827 2112 ¹
964 2127 969 2136 ‘

281 2203 363 2268 Ciuu
388 2229 525 2296 praesens
546 2205 638 2271 datur
659 2201 845 2283 instructio,
865 2201 1070 2294 ingerendum
1091 2202 1180 2297 priits
1205 2204 1272 2294 ejus

237 2294 439 2375 desiderium,
456 2298 663 2392 monendique
677 2314 711 2366 ut
726 2324 780 2367 cor
798 2298 839 2366 ad
853 2297 959 2366 Deum
972 2296 1108 2378 elevent;
1125 2313 1156 2368 et
1176 2299 1208 2367 si'
1218 2299 1271 2368 de-

236 2404 289 2458 tur
303 2389 366 2477 jam
380 2390 420 2456 ab
435 2389 541 2484 aliquo
556 2383 696 2488 tempore
711 2392 827 2488 nuptis,
845 2391 958 2462 melitis
973 2393 1064 2468 datur
1074 2396 1270 2488 permodum

235 2481 488 2574 interrogationis
503 2486 586 2554 circa
600 2503 729 2580 peccata
742 2486 776 2554 in
794 2512 852 2562 usu
867 2488 1061 2557 matrimonii
1075 2489 1145 2558 lieri
1163 2489 1265 2562 solita.

235 2577 394 2648 Fecistiue
411 2581 493 2647 lior?
507 2603 624 2671 grove,
648 2582 697 2650 vel
720 2581 785 2650 leve
799 2592 845 2650 est
863 2583 1042 2666 (formanda
1057 2584 1141 2652 enirn
1160 2611 1268 2656 eorum

235 2669 1267 2770 couscientia).Obleeiuertudumiuiturgutorium.Maioraodlulo

233 2768 324 2835 malo
338 2779 409 2836 sunt
425 2771 530 2860 quovis
551 2771 638 2838 malo
652 2772 833 2860 temporali.
856 2772 919 2840 Vel
935 2801 943 2842 r
960 2773 1019 2841 lton
1040 2775 1133 2844 oaldi
1143 2777 1266 2865 pericu·

234 2860 346 2939 losum,
363 2863 552 2957 omninoque
572 2866 780 2954 omittendum
795 2867 837 2952 (si
857 2871 971 2962 nempe
985 2869 1026 2940 de
1044 2868 1084 2940 iis
1101 2889 1210 2966 agatur
1225 2873 1266 2945 do

234 2979 365 3052 quorum
375 2957 498 3027 levitate
512 2985 575 3027 non
590 2965 674 3029 certi)
689 2978 822 3041 constat,
844 2977 878 3029 ut
892 2963 934 3030 de
949 2963 1082 3034 tactibus
1097 2965 1265 3063 impudicis

233 3055 320 3122 extri
335 3052 493 3148 copulam,
506 3055 572 3124 sine
582 3055 760 3152 pollutionis
771 3055 932 3152 periculo)
952 3072 982 3126 et
993 3059 1173 3129 addendum
1184 3088 1264 3132 sem·

232 3171 303 3242 per,
315 3147 425 3217 saltem
434 3148 461 3216 si
475 3149 551 3242 quid
569 3177 665 3242 grave
681 3150 867 3234 inveniatur,
880 3167 932 3222 ant
946 3153 1031 3249 quod
1045 3156 1126 3230 sorte
1139 3156 1201 3228 talc
1216 3185 1264 3234 rc·

231 3244 429 3336 putaverint:
439 3248 632 3335 jamdudum
648 3247 734 3313 circrl
748 3247 808 3316 ltoc
827 3248 953 3316 dubium
965 3253 1097 3340 gerebas
1112 3255 1198 3345 quod
1204 3279 1263 3346 pu·

231 3337 358 3404 dor·oul
383 3339 479 3406 timor·
488 3340 666 3433 outsoisau
678 3341 817 3435 dcssccltls
831 3343 954 3414 itineris
964 3345 1093 3436 peccati
1100 3369 1262 3441 exponere

231 3428 433 3518 impediebat.
451 3436 655 3526 Irtterrogori
667 3438 828 3527 cupiebas.

273 3521 365 3618 Saep'e
379 3526 428 3594 vcl
443 3529 483 3598 ol)
502 3530 708 3624 ignorantiam
724 3532 890 3616 lethalem,
903 3535 1005 3603 veleb
1028 3559 1169 3608 errorem
1183 3561 1259 3604 con-

230 3616 366 3688 scientiae
377 3619 526 3694 iterandae
535 3641 622 3696 eruut
630 3641 779 3695 anteacta
787 3628 1005 3700 consessiones.

241 3753 245 3762 ·
270 3713 357 3787 Nota
367 3718 474 3810 1⁰Qui
483 3721 547 3810 jam
561 3719 750 3790 sufficienter
766 3721 995 3795 circadcbitum
1006 3724 1143 3805 edoctus,
1154 3721 1255 3794 adhue

230 3811 352 3882 edoceri
366 3813 513 3909 postulat,
529 3812 709 3908 suspicandi
725 3815 827 3888 locum
843 3821 896 3888 dat
908 3843 947 3888 ne
967 3815 1137 3890 intentione
1151 3816 1255 3890 libidi-

228 3910 304 3976 nost
313 3923 485 3982 moventur,
495 3933 554 3974 msr
566 3909 728 3980 timoratus
739 3912 792 3981 sit.
1117 3929 1120 3940 '
