2926 4680
278 337 352 428 dno
536 422 541 431 Ι
610 356 666 407 nn
687 339 977 407 stcnnnnrro

318 439 373 512 Ne
385 465 471 510 erres
483 441 518 508 in
531 441 757 534 computando,
772 441 875 510 scribe
893 439 1020 506 nomina
1038 437 1074 506 in
1090 436 1210 532 duplici
1227 439 1313 511 inea

275 537 494 620 decendente,
504 536 649 628 ponendo
659 534 1026 628 stipiteminsummitate
1033 533 1234 617 linearium.
1243 560 1314 624 gr„

543 669 553 685 ·
599 667 603 672 ·
670 629 931 724 Petrus(stipes)

533 725 725 794 Joannes...·
737 725 891 793 frater....
910 723 1047 791 Petretae

443 817 631 889 clotildis...
647 820 885 889 consobrina...
901 819 1048 912 Josephi,
1063 835 1123 887 etc.

317 915 454 984 Joannes
477 932 524 984 est
543 915 576 983 in
595 916 702 1005 primo
721 918 820 1005 gradu
840 943 911 982 cum
933 915 1083 994 Petrai,
1107 929 1139 982 et
1160 912 1308 982 clotildis

274 1005 340 1080 iilia
359 1010 504 1094 ioannis,
515 1011 548 1078 in
560 1013 698 1080 seermdo
712 1039 784 1081 cum
792 1011 933 1105 Josepho
944 1010 1009 1078 filio
1022 1011 1304 1102 Petretaesptinfil

275 1202 412 1333 dipppmltprte
422 1205 547 1266 naturali,
557 1205 645 1254 saltem
655 1205 770 1266 inprimo
779 1207 865 1266 gradu.
876 1207 913 1254 De
923 1205 980 1253 aliis
990 1203 1124 1266 disputant.
1137 1203 1187 1251 Sed
1197 1203 1224 1250 in
1236 1201 1309 1250 nulio

400 1287 438 1321 ur.

306 1339 341 1403 (t)
349 1343 409 1389 ture
421 1342 550 1402 canonico,
569 1342 673 1402 excepto
691 1309 773 1390 iorsan
787 1344 814 1390 in
825 1342 1045 1404 primoprimro
1058 1353 1107 1404 quo
1115 1339 1170 1400 iuro
1179 1339 1306 1400 naturate,

272 1407 345 1470 tuxtt
355 1413 454 1460 multos.
463 1413 491 1460 lu
501 1412 548 1460 hoo
558 1412 635 1472 gradu
646 1413 735 1460 saltem
746 1425 796 1460 non
805 1413 969 1472 dispensatur.

306 1477 340 1543 (c)
349 1477 401 1530 imo
410 1481 438 1530 in
447 1483 527 1543 prino
535 1514 545 1544 ,
553 1477 626 1541 inxit
639 1494 797 1532 communem
812 1482 970 1532 senteutiam.

754 1642 823 1714 sn.

519 1815 558 1866 De
567 1815 746 1878 impedimento
757 1814 908 1877 cognationis
916 1814 1060 1877 spiritualis.

276 1981 394 2148 ⁴istd-370.
410 1978 579 2050 connino
590 1979 762 2072 spiritualis
770 1981 1004 2050 matrimonium
1013 1980 1083 2069 jure
1095 1976 1315 2048 ecclesiastico*

328 2093 400 2146 1m1t
417 2107 444 2146 z.
986 2101 990 2106 '

320 2179 351 2238 ι’
364 2173 450 2240 Inter
460 2194 641 2260 personam,
655 2171 749 2238 etiam
763 2171 894 2253 laieam,
915 2172 1143 2265 baptizantem,
1160 2185 1189 2242 et
1200 2193 1306 2266 perso-

274 2289 346 2336 nam
357 2265 555 2352 baptizatam,
571 2263 720 2356 istiusque
733 2279 856 2356 patrem
868 2265 918 2332 vel
929 2281 1073 2333 matrem.

317 2365 350 2425 2⁰
361 2358 445 2426 Inter
455 2357 613 2450 patrinum
626 2358 677 2442 (si
691 2357 863 2452 baptizatus
878 2357 940 2442 sit)
954 2376 984 2426 et
997 2359 1141 2443 filiolam,
1155 2362 1307 2457 istiusque

272 2467 415 2521 matrem.

314 2553 349 2618 3⁰
362 2547 447 2616 Inter
461 2543 628 2616 matrinam
645 2547 692 2634 (si
705 2544 747 2615 sit
756 2545 935 2640 baptizata)
950 2558 980 2614 et
993 2542 1135 2631 filiolum,
1154 2545 1313 2645 istiusque

345 2668 393 2712 em
415 2669 465 2714 a.
1155 2705 1159 2710 .

266 2658 358 2808 μὲι
368 2645 415 2822 si}
423 2646 529 2807 cintr'a
541 2737 722 2807 Tridentini
738 2738 907 2817 decretum,
918 2736 1022 2830 plures
1032 2739 1126 2829 quim
1137 2738 1198 2808 duo
1211 2744 1306 2810 susei-

272 2832 359 2930 piant
373 2835 535 2908 infantem,
545 2858 651 2902 omnes
662 2833 920 2928 impedimentum
926 2833 1121 2902 contrahunt.
1132 2835 1170 2903 Si·
1175 2835 1282 2907 civitas
1293 2870 1300 2906 :

149 2990 158 3014 s
270 2928 381 3001 saitem
395 2929 448 3022 qui
460 2928 553 3020 primi
568 2944 696 3019 tangunt
711 2927 872 2994 infantem.

315 3025 396 3116 Quae
412 3027 450 3094 de
466 3025 696 3091 confirmatione
706 3023 790 3093 dicta
805 3023 876 3105 sint,
893 3023 1026 3119 exceptis
1039 3027 1300 3120 excipiendis‘(b).

272 3124 324 3192 Ae
352 3121 484 3216 proinde
501 3119 555 3212 qui
580 3121 723 3188 eumdem
743 3118 777 3185 in
803 3119 989 3211 baptismate
1017 3136 1047 3189 et
1072 3124 1302 3194 eorrsnmatione

271 3217 467 3314 stls'eepisset‚
480 3213 735 3312 impedimentum
750 3212 865 3310 duplex
879 3215 1091 3284 contraxisset.

315 3315 539 3410 impedimenta
559 3312 627 3380 haec
648 3313 751 3380 locum
776 3337 839 3378 non
858 3309 972 3380 habent
995 3314 1075 3382 inter·
1094 3315 1249 3410 patrinum
1271 3333 1303 3386 et

271 3411 449 3479 matrinam.
621 3485 625 3489 ,

239 3553 240 3560 1
312 3503 418 3572 Nota:
431 3507 527 3574 Pater
542 3521 690 3586 materve,
704 3503 770 3597 qui,
787 3507 858 3571 edm
872 3501 973 3572 nulius
989 3520 1032 3573 est
1048 3505 1125 3575 alter
1139 3507 1192 3600 qni
1204 3510 1300 3598 possit

191 3674 199 3689 ι
271 3597 441 3706 baptizare,
453 3599 574 3694 prolem
587 3624 676 3666 suam
689 3599 861 3691 legitimam
874 3600 1029 3694 baptizant
1045 3603 1074 3668 in
1086 3627 1156 3671 casu
1170 3604 1300 3673 necessi-

272 3707 343 3769 tatis
359 3696 404 3776 (c)
426 3695 544 3764 nullam
564 3695 777 3784 cognationem
801 3693 997 3790 spiritualem
1021 3697 1219 3784 contrahunt,
1240 3723 1298 3772 ner

271 3805 491 3888 tonsoquenter
502 3789 645 3860 excidunt
658 3795 677 3858 i
689 3791 759 3879 jure
770 3790 897 3885 petendi
913 3792 1062 3865 debitum.

314 3881 461 3968 Seeds‚si
473 3883 574 3972 proles
584 3885 625 3954 sit
634 3884 822 3973 illegitima·
