2974 4678
264 323 331 378 roo
510 321 562 374 nn
576 301 772 374 'sunrrno
793 293 1031 372 inuenero

258 409 323 478 sive
336 434 394 502 pro
405 407 611 498 agricultura¹
624 405 689 474 sive
700 428 759 499 pro
771 399 977 483 commercio,
990 398 1036 468 sir
1046 399 1131 466 tradi
1144 411 1283 493 possunt.

299 503 336 572 lu
350 501 405 570 illo
415 517 518 570 eutem
529 514 688 568 contractu
695 495 900 566 committitur
910 492 1062 586 injustitia
1070 496 1142 560 cum
1152 517 1214 559 non
1223 517 1284 560 ser·

256 614 346 666 vatur
369 595 529 689 aequalitas
548 593 628 662 inter
641 593 777 688 pretium
795 607 827 660 et
845 589 992 658 utilitates
1005 587 1185 656 animalium
1205 586 1284 654 loca·

252 707 374 774 torum,
393 691 505 780 idest,
523 688 566 771 si,
582 688 708 756 attentis
724 713 832 756 eorum
845 683 1011 779 qualitate,
1025 682 1170 753 locorum
1182 681 1284 777 diver·

255 785 364 868 citato,
384 785 525 880 expensis
542 781 716 874 majoribus
730 783 780 850 vel
792 779 984 861 minoribus,
1001 777 1159 872 periculo,
1173 775 1284 868 majori

252 880 307 949 vel
326 881 440 947 minori
464 879 597 946 ulilitate
620 904 659 946 ex
682 876 868 960 animalibus
893 876 1059 970 percepta,
1090 873 1225 967 pretium
1244 870 1285 942 sit

246 973 337 1064 'justo
361 975 462 1063 majus
477 973 526 1042 vel
540 974 661 1057 minus,
682 974 724 1041 ad
737 971 902 1042 arbitrium
917 967 1117 1064 prudeutdm·

296 1068 398 1137 Pretii
411 1074 512 1158 magis
525 1069 680 1137 timendus
696 1093 837 1136 excessus
852 1071 946 1160 qudm
960 1064 1109 1132 delectus.

297 1164 390 1257 saep'e
414 1165 614 1232 conductores
640 1162 823 1252 injustitiam
846 1159 1041 1230 committunt
1064 1179 1178 1251 pecora
1200 1158 1285 1227 malt

251 1260 410 1353 pascendo
424 1275 477 1326 aut
490 1285 553 1326 nou
566 1258 788 1339 custodiendo,
805 1255 964 1324 laboribus
987 1250 1200 1322 immoderatis
1214 1251 1286 1318 iati-

255 1354 376 1445 gand0‚
394 1353 584 1424 mendaciter
599 1352 731 1422 dicendo
745 1351 836 1444 culpd
847 1351 902 1417 sud
914 1373 977 1414 non
991 1346 1137 1440 periisse,
1158 1361 1218 1414 etc.

294 1447 520 1518 Deficientibus
536 1447 762 1518 conditionibus
772 1442 1027 1536 particularibus,
1042 1439 1094 1508 bie
1108 1455 1284 1510 contractus

255 1544 413 1636 regulatur
427 1570 484 1638 per
497 1540 650 1637 principia
663 1565 733 1631 quae
746 1539 852 1606 videre
868 1552 914 1604 est
927 1551 1002 1604 sect»
1030 1561 1067 1620 a,
1096 1541 1137 1618 3,
1156 1541 1179 1620 4
1193 1551 1227 1606 et
1242 1542 1281 1621 5,

256 1664 327 1734 cap.
348 1646 386 1723 d,
407 1639 487 1706 titul.
511 1644 549 1717 8,
569 1635 624 1701 lib.
644 1633 750 1700 3cod.
768 1633 831 1700 civ,
845 1633 914 1717 (a).'

287 1794 325 1861 (a)
337 1794 477 1844 contractus
497 1792 538 1840 llic
555 1802 669 1856 magnam¹
678 1790 754 1843 hahet
769 1790 915 1840 affinitatem
925 1803 983 1839 rum
997 1791 1126 1844 eontraetu
1140 1790 1283 1852 societatis,

257 1867 384 1928 potestque
392 1861 475 1911 taliter
485 1859 538 1908 lieri
549 1860 578 1908 ut
586 1859 702 1908 animalia
718 1860 768 1908 sint
786 1860 941 1921 eommunia,
957 1860 984 1908 in
995 1873 1044 1922 quo
1055 1871 1114 1908 casu
1126 1859 1232 1920 uterque
1243 1871 1284 1906 eo·

255 1945 312 1982 rum
321 1931 392 1980 tieret
402 1929 524 1988 dominus,
535 1927 614 1987 etpro
624 1927 730 1990 nempe
739 1929 859 1990 perirent.
874 1929 924 1977 Sed
931 1942 1030 1990 quoquo
1040 1929 1113 1976 morlo
1121 1928 1179 1988 liat,
1193 1935 1284 1975 caveu-

256 2001 315 2050 dum
325 2012 357 2047 ne
366 1997 533 2056 degeneretiu
543 1998 658 2045 mutuum
667 1999 806 2059 palliatum,
816 1999 888 2057 euius
898 2001 1007 2060 pretium
1016 2011 1061 2047 sen
1070 1995 1285 2058 auctariumesset

255 2069 319 2117 lucri
335 2064 578 2128 sperett'rllnidium.
589 2068 644 2128 Sic,
663 2069 780 2128 inquiunt
797 2068 895 2130 plures,
907 2069 972 2116 esset
986 2069 1080 2129 triplex
1101 2067 1242 2116 contractus
1260 2064 1284 2113 ei

255 2136 380 2198 accipiens
391 2131 430 2195 (te
444 2147 546 2195 premor
556 2134 566 2195 l
578 2150 622 2198 pro
630 2135 713 2198 aliquit
722 2129 787 2186 lucri
798 2134 868 2197 pu'rte
877 2138 1029 2186 assecuraret
1039 2136 1167 2185 animalia.

284 2200 375 2250 Pesslm
386 2202 452 2262 apud
462 2203 586 2264 Sequanos
595 2206 624 2254 ut
633 2206 713 2271 quate
723 2206 749 2252 ln
760 2207 845 2254 codice
860 2205 931 2253 civili
941 2205 1081 2264 appellatur
1090 2205 1199 2266 simplex
1212 2203 1283 2264 elep-

254 2273 315 2322 tel...
328 2265 477 2320 tconditiou
486 2286 536 2332 que
546 2275 571 2322 le
580 2286 689 2334 preneur
695 2275 802 2334 prendre
815 2275 840 2334 la
855 2271 942 2322 moitit
952 2274 989 2321 du
998 2273 1071 2334 proiit
1082 2303 1090 2332 ,
1102 2275 1128 2321 et
1137 2271 1284 2332 supportem

255 2331 375 2389 lamoitid
383 2341 414 2388 de
423 2340 446 2388 la
455 2341 537 2401 perte.
1207 2373 1211 2381 .

284 2409 389 2458 Articuli
401 2406 412 2472 (
422 2409 482 2458 ltl⁰7
491 2410 516 2457 et
525 2409 585 2458 l808
595 2407 639 2474 lin
649 2410 739 2472 quihus
752 2409 847 2458 dieitur
854 2407 920 2471 quot
933 2411 960 2457 iu
970 2421 1029 2457 easn
1038 2409 1065 2456 in
1074 2422 1123 2470 qno
1131 2421 1182 2458 nort
1191 2419 1283 2462 eonve-

254 2479 338 2527 nirent
348 2491 380 2526 au
394 2478 510 2534 animalia
525 2479 647 2538 perierint
665 2491 724 2526 casu
741 2477 857 2538 fortuito,
870 2479 898 2526 et
914 2490 948 2527 au
960 2477 1114 2541 praecesserit
1132 2478 1206 2538 culpa
1215 2477 1283 2526 acri

254 2548 361 2610 pietatis,
383 2547 508 2608 accipiens
519 2545 529 2610 (
540 2549 561 2612 le
570 2545 683 2612 proicer)
692 2547 807 2598 teneatur
816 2545 920 2608 probare
931 2559 1014 2596 casum
1025 2547 1171 2607 ludentum,
1182 2547 1208 2594 et
1216 2545 1282 2594 loea-

254 2613 478 2679 torlletollleur),
493 2617 591 2676 culpam
605 2625 679 2678 quam
698 2616 787 2666 tribuit
800 2616 933 2678 accipienti
944 2613 954 2680 (
965 2631 998 2664 eu
1017 2614 1154 2680 precem),
1165 2615 1283 2666 ridentur

254 2696 306 2736 non
317 2685 400 2736 ualere
410 2685 458 2732 nisi
469 2685 496 2731 in
509 2683 561 2731 loro
572 2684 685 2734 externo.
697 2685 841 2734 andrntur
848 2685 917 2734 enim
931 2687 958 2736 iu
966 2685 1158 2748 presumptione
1169 2683 1236 2734 iacti.
1248 2687 1282 2732 De

256 2753 437 2828 Bousierrvide
447 2752 617 2804 tamendbtt.
700 2797 701 2800 ,

643 2885 816 2952 SEGTIO
833 2887 892 2948 Vl.

532 3093 536 3098 ¹
589 3002 965 3090 sternutamentum.

298 3159 371 3251 509⁴.
390 3158 624 3233 Colutouarou
635 3161 918 3255 (lepre'tdu'suge)
925 3179 976 3234 -est
986 3177 1158 3237 contractas
1168 3133 1295 3258 quoab=

254 3281 382 3326 unores
396 3256 436 3324 ad
450 3283 541 3326 usum
553 3257 686 3327 traditur
704 3258 814 3347 alteri,
832 3285 904 3328 cum
917 3285 1011 3332 onere
1024 3285 1093 3331 cam
1107 3274 1179 3355 post
1191 3283 1281 3329 usum

314 3350 421 3420 dendi.

256 3353 481 3516 re(ilontractus
493 3445 545 3517 lic
560 3463 605 3516 est
616 3447 1000 3544 esseutiabtergretuitus,
1018 3450 1158 3545 alioquin
1166 3448 1280 3533 locatio

146 3519 151 3526 ι
256 3543 471 3631 εδεεῑ(1876)·;

251 3655 254 3662 ·
297 3637 381 3704 Cium
393 3659 443 3703 res
461 3633 502 3714 ad
514 3641 622 3705 nutum
635 3638 861 3711 commodantis
874 3641 951 3728 (nou
962 3635 1090 3734 quidem
1101 3635 1219 3721 sotim)
1232 3657 1279 3702 re·

251 3731 319 3828 'peti
333 3745 472 3825 poterat,
494 3731 655 3804 dicebatur
671 3735 862 3830 precarium.
928 3813 933 3820 .

298 3825 507 3898 Commodans
522 3843 625 3897 autem
644 3827 773 3918 injustus
788 3843 867 3898 esset
