<?xml version="1.0" encoding="UTF-8"?>
<!DOCTYPE html PUBLIC "-//W3C//DTD XHTML 1.0 Transitional//EN"
    "http://www.w3.org/TR/xhtml1/DTD/xhtml1-transitional.dtd">
<html xmlns="http://www.w3.org/1999/xhtml" xml:lang="en" lang="en">
 <head>
  <title>
</title>
<meta http-equiv="Content-Type" content="text/html;charset=utf-8" />
  <meta name='ocr-system' content='tesseract 3.04.00' />
  <meta name='ocr-capabilities' content='ocr_page ocr_carea ocr_par ocr_line ocrx_word'/>
</head>
<body>
  <div class='ocr_page' id='page_1' title='image "./theologiapracti01verngoog_0079.png"; bbox 0 0 2960 4684; ppageno 0'>
   <div class='ocr_carea' id='block_1_1' title="bbox 268 356 1134 449">
    <p class='ocr_par' dir='ltr' id='par_1_1' title="bbox 268 356 1134 449">
     <span class='ocr_line' id='line_1_1' title="bbox 268 356 1134 449; baseline 0.002 -13.005"><span class='ocrx_word' id='word_1_1' title='bbox 268 362 313 438; x_wconf 77' lang='grc' dir='ltr'>ιι</span> <span class='ocrx_word' id='word_1_2' title='bbox 486 357 573 444; x_wconf 71' lang='lat' dir='ltr'>iar</span> <span class='ocrx_word' id='word_1_3' title='bbox 594 356 782 439; x_wconf 77' lang='lat' dir='ltr'>sereruo</span> <span class='ocrx_word' id='word_1_4' title='bbox 805 383 1037 438; x_wconf 75' lang='lat' dir='ltr'>remerare</span> <span class='ocrx_word' id='word_1_5' title='bbox 1131 442 1134 449; x_wconf 24' lang='lat' dir='ltr'><strong><em>f</em></strong></span> 
     </span>
    </p>
   </div>
   <div class='ocr_carea' id='block_1_2' title="bbox 217 447 1300 1704">
    <p class='ocr_par' dir='ltr' id='par_1_2' title="bbox 264 447 1300 606">
     <span class='ocr_line' id='line_1_2' title="bbox 265 447 1288 542; baseline -0.002 -18"><span class='ocrx_word' id='word_1_6' title='bbox 265 473 367 528; x_wconf 73' lang='lat' dir='ltr'>baberet</span> <span class='ocrx_word' id='word_1_7' title='bbox 375 471 482 522; x_wconf 88' lang='lat' dir='ltr'>titulum</span> <span class='ocrx_word' id='word_1_8' title='bbox 487 473 625 534; x_wconf 83' lang='lat' dir='ltr'>retinendi,</span> <span class='ocrx_word' id='word_1_9' title='bbox 644 470 734 534; x_wconf 72' lang='lat' dir='ltr'>nempe</span> <span class='ocrx_word' id='word_1_10' title='bbox 753 474 850 522; x_wconf 88' lang='lat' dir='ltr'>lucrum</span> <span class='ocrx_word' id='word_1_11' title='bbox 862 485 957 522; x_wconf 79' lang='lat' dir='ltr'>cessans</span> <span class='ocrx_word' id='word_1_12' title='bbox 967 475 1010 522; x_wconf 89' lang='lat' dir='ltr'>aut</span> <span class='ocrx_word' id='word_1_13' title='bbox 1020 473 1136 520; x_wconf 84' lang='lat' dir='ltr'>damnum</span> <span class='ocrx_word' id='word_1_14' title='bbox 1147 447 1288 542; x_wconf 55' lang='lat' dir='ltr'>emercetur·</span> 
     </span>
     <span class='ocr_line' id='line_1_3' title="bbox 264 506 1300 624; baseline -0.005 -30"><span class='ocrx_word' id='word_1_15' title='bbox 264 545 322 624; x_wconf 65' lang='lat' dir='ltr'>puio</span> <span class='ocrx_word' id='word_1_16' title='bbox 334 546 406 602; x_wconf 81' lang='lat' dir='ltr'>tune,</span> <span class='ocrx_word' id='word_1_17' title='bbox 417 542 531 606; x_wconf 79' lang='lat' dir='ltr'>inquitl’.</span> <span class='ocrx_word' id='word_1_18' title='bbox 543 545 562 588; x_wconf 92' lang='grc'><strong>(</strong></span> <span class='ocrx_word' id='word_1_19' title='bbox 564 544 603 589; x_wconf 89' lang='lat' dir='ltr'>ab</span> <span class='ocrx_word' id='word_1_20' title='bbox 616 506 676 596; x_wconf 60' lang='lat' dir='ltr'>&#39;rint</span> <span class='ocrx_word' id='word_1_21' title='bbox 684 544 831 604; x_wconf 85' lang='lat' dir='ltr'>‚reponitur</span> <span class='ocrx_word' id='word_1_22' title='bbox 841 543 976 607; x_wconf 64' lang='lat' dir='ltr'>aequalitas.</span> <span class='ocrx_word' id='word_1_23' title='bbox 987 542 1049 590; x_wconf 84' lang='lat' dir='ltr'>Vide</span> <span class='ocrx_word' id='word_1_24' title='bbox 1057 541 1103 590; x_wconf 79' lang='lat' dir='ltr'>itu</span> <span class='ocrx_word' id='word_1_25' title='bbox 1115 543 1137 590; x_wconf 86' lang='lat' dir='ltr'>b.</span> <span class='ocrx_word' id='word_1_26' title='bbox 1297 545 1300 551; x_wconf 92' lang='lat'>&#39;</span> 
     </span>
    </p>

    <p class='ocr_par' dir='ltr' id='par_1_3' title="bbox 263 611 1291 1082">
     <span class='ocr_line' id='line_1_4' title="bbox 296 611 1289 674; baseline -0.004 -14"><span class='ocrx_word' id='word_1_27' title='bbox 296 611 331 674; x_wconf 85' lang='grc' dir='ltr'>(ιι)</span> <span class='ocrx_word' id='word_1_28' title='bbox 343 613 370 660; x_wconf 95' lang='lat' dir='ltr'>ln</span> <span class='ocrx_word' id='word_1_29' title='bbox 381 611 457 658; x_wconf 85' lang='lat' dir='ltr'>dnbio</span> <span class='ocrx_word' id='word_1_30' title='bbox 468 611 582 658; x_wconf 87' lang='lat' dir='ltr'>restituat</span> <span class='ocrx_word' id='word_1_31' title='bbox 588 612 664 670; x_wconf 80' lang='lat' dir='ltr'>,quia</span> <span class='ocrx_word' id='word_1_32' title='bbox 676 625 732 658; x_wconf 92' lang='lat' dir='ltr'>cum</span> <span class='ocrx_word' id='word_1_33' title='bbox 744 613 792 659; x_wconf 90' lang='lat' dir='ltr'>boe</span> <span class='ocrx_word' id='word_1_34' title='bbox 810 612 886 659; x_wconf 89' lang='lat' dir='ltr'>dubio</span> <span class='ocrx_word' id='word_1_35' title='bbox 896 625 945 659; x_wconf 92' lang='lat' dir='ltr'>non</span> <span class='ocrx_word' id='word_1_36' title='bbox 960 612 1040 672; x_wconf 83' lang='lat' dir='ltr'>potuit</span> <span class='ocrx_word' id='word_1_37' title='bbox 1051 611 1168 658; x_wconf 84' lang='lat' dir='ltr'>inchoare</span> <span class='ocrx_word' id='word_1_38' title='bbox 1185 611 1289 661; x_wconf 78' lang='lat' dir='ltr'>auctarii</span> 
     </span>
     <span class='ocr_line' id='line_1_5' title="bbox 265 679 1287 742; baseline -0.004 -12"><span class='ocrx_word' id='word_1_39' title='bbox 265 682 450 742; x_wconf 71' lang='lat' dir='ltr'>possessionem.</span> <span class='ocrx_word' id='word_1_40' title='bbox 462 681 568 738; x_wconf 67' lang='lat' dir='ltr'>hosius,</span> <span class='ocrx_word' id='word_1_41' title='bbox 580 682 683 739; x_wconf 78' lang='lat' dir='ltr'>Deluqo,</span> <span class='ocrx_word' id='word_1_42' title='bbox 692 683 805 739; x_wconf 71' lang='lat' dir='ltr'>burcio,</span> <span class='ocrx_word' id='word_1_43' title='bbox 816 682 933 739; x_wconf 56' lang='grc' dir='ltr'>σοιιιιμι)</span> <span class='ocrx_word' id='word_1_44' title='bbox 946 681 1006 728; x_wconf 83' lang='lat' dir='ltr'>Gob.</span> <span class='ocrx_word' id='word_1_45' title='bbox 1018 681 1075 729; x_wconf 80' lang='lat' dir='ltr'>Ant.</span> <span class='ocrx_word' id='word_1_46' title='bbox 1084 681 1133 728; x_wconf 86' lang='lat' dir='ltr'>Col.</span> <span class='ocrx_word' id='word_1_47' title='bbox 1146 679 1225 734; x_wconf 65' lang='lat' dir='ltr'>Arrun,</span> <span class='ocrx_word' id='word_1_48' title='bbox 1239 679 1287 726; x_wconf 85' lang='lat' dir='ltr'>eto.</span> 
     </span>
     <span class='ocr_line' id='line_1_6' title="bbox 264 710 1289 808; baseline -0.003 -12"><span class='ocrx_word' id='word_1_49' title='bbox 264 752 289 806; x_wconf 78' lang='lat' dir='ltr'>st</span> <span class='ocrx_word' id='word_1_50' title='bbox 309 753 392 804; x_wconf 81' lang='lat' dir='ltr'>antem</span> <span class='ocrx_word' id='word_1_51' title='bbox 403 747 562 808; x_wconf 80' lang='lat' dir='ltr'><strong>superveniat</strong></span> <span class='ocrx_word' id='word_1_52' title='bbox 578 747 696 806; x_wconf 83' lang='lat' dir='ltr'>dubium,</span> <span class='ocrx_word' id='word_1_53' title='bbox 714 749 757 794; x_wconf 90' lang='lat' dir='ltr'>alii</span> <span class='ocrx_word' id='word_1_54' title='bbox 775 761 831 795; x_wconf 88' lang='lat' dir='ltr'>cunr</span> <span class='ocrx_word' id='word_1_55' title='bbox 843 747 1033 804; x_wconf 77' lang='lat' dir='ltr'>blotinavolunt</span> <span class='ocrx_word' id='word_1_56' title='bbox 1043 710 1230 796; x_wconf 79' lang='lat' dir='ltr'>restituenduni.</span> <span class='ocrx_word' id='word_1_57' title='bbox 1240 745 1289 794; x_wconf 80' lang='lat' dir='ltr'>Sed</span> 
     </span>
     <span class='ocr_line' id='line_1_7' title="bbox 263 813 1289 880; baseline -0.004 -14"><span class='ocrx_word' id='word_1_58' title='bbox 263 813 306 866; x_wconf 79' lang='lat' dir='ltr'>¹alii</span> <span class='ocrx_word' id='word_1_59' title='bbox 322 819 405 878; x_wconf 87' lang='lat' dir='ltr'>plures</span> <span class='ocrx_word' id='word_1_60' title='bbox 416 827 470 863; x_wconf 90' lang='lat' dir='ltr'>curn</span> <span class='ocrx_word' id='word_1_61' title='bbox 477 816 590 873; x_wconf 77' lang='lat' dir='ltr'>cajetano</span> <span class='ocrx_word' id='word_1_62' title='bbox 598 819 623 864; x_wconf 90' lang='lat' dir='ltr'>et</span> <span class='ocrx_word' id='word_1_63' title='bbox 634 817 738 863; x_wconf 83' lang='lat' dir='ltr'>Navarro</span> <span class='ocrx_word' id='word_1_64' title='bbox 747 817 832 864; x_wconf 85' lang='lat' dir='ltr'>dicunt</span> <span class='ocrx_word' id='word_1_65' title='bbox 843 829 911 878; x_wconf 84' lang='lat' dir='ltr'>posse</span> <span class='ocrx_word' id='word_1_66' title='bbox 921 813 1036 875; x_wconf 81' lang='lat' dir='ltr'>praesumi</span> <span class='ocrx_word' id='word_1_67' title='bbox 1048 815 1203 880; x_wconf 81' lang='lat' dir='ltr'>donationem</span> <span class='ocrx_word' id='word_1_68' title='bbox 1215 816 1289 862; x_wconf 79' lang='lat' dir='ltr'>luisse</span> 
     </span>
     <span class='ocr_line' id='line_1_8' title="bbox 265 885 1290 944; baseline -0.004 -10"><span class='ocrx_word' id='word_1_69' title='bbox 265 887 402 940; x_wconf 85' lang='lat' dir='ltr'>liberalem.</span> <span class='ocrx_word' id='word_1_70' title='bbox 412 885 438 930; x_wconf 93' lang='lat' dir='ltr'>ln</span> <span class='ocrx_word' id='word_1_71' title='bbox 451 886 623 943; x_wconf 82' lang='lat' dir='ltr'>utroquecasn</span> <span class='ocrx_word' id='word_1_72' title='bbox 634 885 780 943; x_wconf 86' lang='lat' dir='ltr'>inquirenda</span> <span class='ocrx_word' id='word_1_73' title='bbox 790 886 932 935; x_wconf 87' lang='lat' dir='ltr'>mutuatarii</span> <span class='ocrx_word' id='word_1_74' title='bbox 945 885 1064 942; x_wconf 84' lang='lat' dir='ltr'>intenti03</span> <span class='ocrx_word' id='word_1_75' title='bbox 1075 887 1100 936; x_wconf 86' lang='lat' dir='ltr'>et</span> <span class='ocrx_word' id='word_1_76' title='bbox 1111 886 1132 932; x_wconf 86' lang='lat' dir='ltr'>si</span> <span class='ocrx_word' id='word_1_77' title='bbox 1143 885 1190 932; x_wconf 90' lang='lat' dir='ltr'>hoe</span> <span class='ocrx_word' id='word_1_78' title='bbox 1201 885 1290 944; x_wconf 84' lang='lat' dir='ltr'>impos·</span> 
     </span>
     <span class='ocr_line' id='line_1_9' title="bbox 265 949 1291 1014; baseline -0.001 -11"><span class='ocrx_word' id='word_1_79' title='bbox 265 955 337 1003; x_wconf 86' lang='lat' dir='ltr'>sibile</span> <span class='ocrx_word' id='word_1_80' title='bbox 347 987 354 1014; x_wconf 90' lang='lat'><strong>‚</strong></span> <span class='ocrx_word' id='word_1_81' title='bbox 366 965 414 1000; x_wconf 93' lang='lat' dir='ltr'>non</span> <span class='ocrx_word' id='word_1_82' title='bbox 433 953 532 1000; x_wconf 86' lang='lat' dir='ltr'>videtur</span> <span class='ocrx_word' id='word_1_83' title='bbox 542 953 636 1012; x_wconf 72' lang='lat' dir='ltr'>Delugo</span> <span class='ocrx_word' id='word_1_84' title='bbox 652 966 696 1002; x_wconf 94' lang='lat' dir='ltr'>cur</span> <span class='ocrx_word' id='word_1_85' title='bbox 707 949 748 1000; x_wconf 84' lang='lat' dir='ltr'>iric</span> <span class='ocrx_word' id='word_1_86' title='bbox 758 965 807 1001; x_wconf 93' lang='lat' dir='ltr'>non</span> <span class='ocrx_word' id='word_1_87' title='bbox 826 953 1014 1002; x_wconf 88' lang='lat' dir='ltr'>ratiocinaretur</span> <span class='ocrx_word' id='word_1_88' title='bbox 1024 955 1125 1010; x_wconf 83' lang='lat' dir='ltr'>sicutin</span> <span class='ocrx_word' id='word_1_89' title='bbox 1138 955 1195 1002; x_wconf 86' lang='lat' dir='ltr'>aliis</span> <span class='ocrx_word' id='word_1_90' title='bbox 1207 954 1291 1004; x_wconf 88' lang='lat' dir='ltr'>dubiis</span> 
     </span>
     <span class='ocr_line' id='line_1_10' title="bbox 264 1015 698 1082; baseline -0.014 -8"><span class='ocrx_word' id='word_1_91' title='bbox 264 1017 524 1099; x_wconf 71' lang='lat' dir='ltr'>circapossessionem.</span> <span class='ocrx_word' id='word_1_92' title='bbox 534 1021 597 1070; x_wconf 82' lang='lat' dir='ltr'>vulo</span> <span class='ocrx_word' id='word_1_93' title='bbox 608 1015 663 1081; x_wconf 63' lang='lat'><strong>606,</strong></span> <span class='ocrx_word' id='word_1_94' title='bbox 674 1036 698 1070; x_wconf 91' lang='lat' dir='ltr'>o.</span> 
     </span>
    </p>

    <p class='ocr_par' dir='ltr' id='par_1_4' title="bbox 263 1055 1291 1287">
     <span class='ocr_line' id='line_1_11' title="bbox 295 1055 1290 1151; baseline 0.002 -15"><span class='ocrx_word' id='word_1_95' title='bbox 295 1091 351 1137; x_wconf 79' lang='lat' dir='ltr'>llaee</span> <span class='ocrx_word' id='word_1_96' title='bbox 362 1089 478 1149; x_wconf 79' lang='lat' dir='ltr'>quinem,</span> <span class='ocrx_word' id='word_1_97' title='bbox 489 1089 510 1135; x_wconf 89' lang='lat' dir='ltr'>si</span> <span class='ocrx_word' id='word_1_98' title='bbox 520 1091 605 1151; x_wconf 75' lang='lat' dir='ltr'>agatur</span> <span class='ocrx_word' id='word_1_99' title='bbox 614 1089 645 1136; x_wconf 90' lang='lat' dir='ltr'>de</span> <span class='ocrx_word' id='word_1_100' title='bbox 655 1055 730 1136; x_wconf 82' lang='lat' dir='ltr'>ilnbio</span> <span class='ocrx_word' id='word_1_101' title='bbox 741 1090 806 1149; x_wconf 84' lang='lat' dir='ltr'>quod</span> <span class='ocrx_word' id='word_1_102' title='bbox 816 1089 938 1141; x_wconf 83' lang='lat' dir='ltr'>haberent</span> <span class='ocrx_word' id='word_1_103' title='bbox 949 1090 1060 1140; x_wconf 83' lang='lat' dir='ltr'>baerenes</span> <span class='ocrx_word' id='word_1_104' title='bbox 1069 1091 1225 1148; x_wconf 82' lang='lat' dir='ltr'>mutuatorie.</span> <span class='ocrx_word' id='word_1_105' title='bbox 1239 1091 1290 1146; x_wconf 74' lang='lat' dir='ltr'>Seu</span> 
     </span>
     <span class='ocr_line' id='line_1_12' title="bbox 264 1154 1291 1221; baseline 0 -14"><span class='ocrx_word' id='word_1_106' title='bbox 264 1159 304 1207; x_wconf 82' lang='lat' dir='ltr'>sl</span> <span class='ocrx_word' id='word_1_107' title='bbox 297 1172 349 1219; x_wconf 81' lang='lat' dir='ltr'>ipse</span> <span class='ocrx_word' id='word_1_108' title='bbox 361 1157 485 1207; x_wconf 86' lang='lat' dir='ltr'>mutuatur</span> <span class='ocrx_word' id='word_1_109' title='bbox 504 1157 614 1216; x_wconf 86' lang='lat' dir='ltr'>dubitet,</span> <span class='ocrx_word' id='word_1_110' title='bbox 626 1154 727 1210; x_wconf 82' lang='lat' dir='ltr'>difficile</span> <span class='ocrx_word' id='word_1_111' title='bbox 743 1171 793 1207; x_wconf 90' lang='lat' dir='ltr'>non</span> <span class='ocrx_word' id='word_1_112' title='bbox 803 1159 989 1221; x_wconf 69' lang='lat' dir='ltr'><strong>recordabitur,</strong></span> <span class='ocrx_word' id='word_1_113' title='bbox 1001 1172 1047 1209; x_wconf 88' lang='lat' dir='ltr'>neo</span> <span class='ocrx_word' id='word_1_114' title='bbox 1059 1173 1091 1209; x_wconf 87' lang='lat' dir='ltr'>ex</span> <span class='ocrx_word' id='word_1_115' title='bbox 1105 1160 1181 1208; x_wconf 83' lang='lat' dir='ltr'>variis</span> <span class='ocrx_word' id='word_1_116' title='bbox 1191 1159 1291 1208; x_wconf 76' lang='lat' dir='ltr'>indicito</span> 
     </span>
     <span class='ocr_line' id='line_1_13' title="bbox 263 1213 651 1287; baseline -0.005 -12"><span class='ocrx_word' id='word_1_117' title='bbox 263 1213 389 1287; x_wconf 73' lang='lat' dir='ltr'><strong>dignoscet</strong></span> <span class='ocrx_word' id='word_1_118' title='bbox 400 1239 430 1272; x_wconf 90' lang='lat' dir='ltr'>au</span> <span class='ocrx_word' id='word_1_119' title='bbox 440 1226 591 1286; x_wconf 76' lang='lat' dir='ltr'>liberaliter,</span> <span class='ocrx_word' id='word_1_120' title='bbox 603 1228 651 1278; x_wconf 80' lang='lat' dir='ltr'>ete.</span> 
     </span>
    </p>

    <p class='ocr_par' dir='ltr' id='par_1_5' title="bbox 217 1293 1290 1704">
     <span class='ocr_line' id='line_1_14' title="bbox 294 1293 1290 1354; baseline 0 -10"><span class='ocrx_word' id='word_1_121' title='bbox 294 1297 363 1344; x_wconf 84' lang='lat' dir='ltr'>Nota.</span> <span class='ocrx_word' id='word_1_122' title='bbox 376 1294 553 1353; x_wconf 80' lang='lat' dir='ltr'>voluntaliqni</span> <span class='ocrx_word' id='word_1_123' title='bbox 574 1295 723 1353; x_wconf 81' lang='lat' dir='ltr'>pauperibus</span> <span class='ocrx_word' id='word_1_124' title='bbox 741 1294 921 1342; x_wconf 86' lang='lat' dir='ltr'>restituendum</span> <span class='ocrx_word' id='word_1_125' title='bbox 932 1295 998 1354; x_wconf 79' lang='lat' dir='ltr'>quon</span> <span class='ocrx_word' id='word_1_126' title='bbox 1018 1293 1290 1344; x_wconf 75' lang='lat' dir='ltr'>retroneumreuebo·</span> 
     </span>
     <span class='ocr_line' id='line_1_15' title="bbox 264 1361 1199 1423; baseline -0.001 -10"><span class='ocrx_word' id='word_1_127' title='bbox 264 1366 306 1414; x_wconf 87' lang='lat' dir='ltr'>tur</span> <span class='ocrx_word' id='word_1_128' title='bbox 316 1363 472 1416; x_wconf 84' lang='lat' dir='ltr'>mutuatariis</span> <span class='ocrx_word' id='word_1_129' title='bbox 487 1362 575 1409; x_wconf 76' lang='lat' dir='ltr'>ariolis.</span> <span class='ocrx_word' id='word_1_130' title='bbox 590 1362 638 1410; x_wconf 85' lang='lat' dir='ltr'>Sed</span> <span class='ocrx_word' id='word_1_131' title='bbox 649 1361 695 1409; x_wconf 91' lang='lat' dir='ltr'>hoc</span> <span class='ocrx_word' id='word_1_132' title='bbox 708 1375 780 1422; x_wconf 81' lang='lat' dir='ltr'>poena</span> <span class='ocrx_word' id='word_1_133' title='bbox 791 1366 866 1410; x_wconf 88' lang='lat' dir='ltr'>esset.</span> <span class='ocrx_word' id='word_1_134' title='bbox 877 1363 1009 1410; x_wconf 75' lang='lat' dir='ltr'>&#39;tribuatur</span> <span class='ocrx_word' id='word_1_135' title='bbox 1017 1364 1106 1423; x_wconf 83' lang='lat' dir='ltr'>cuique</span> <span class='ocrx_word' id='word_1_136' title='bbox 1117 1376 1199 1413; x_wconf 84' lang='lat' dir='ltr'>suum.</span> 
     </span>
     <span class='ocr_line' id='line_1_16' title="bbox 230 1431 1290 1493; baseline 0 -12"><span class='ocrx_word' id='word_1_137' title='bbox 230 1448 232 1452; x_wconf 93' lang='lat'>·</span> <span class='ocrx_word' id='word_1_138' title='bbox 295 1433 321 1482; x_wconf 81' lang='lat' dir='ltr'>si</span> <span class='ocrx_word' id='word_1_139' title='bbox 342 1435 424 1479; x_wconf 90' lang='lat' dir='ltr'>tamen</span> <span class='ocrx_word' id='word_1_140' title='bbox 444 1431 565 1478; x_wconf 88' lang='lat' dir='ltr'>constaret</span> <span class='ocrx_word' id='word_1_141' title='bbox 580 1432 756 1478; x_wconf 85' lang='lat' dir='ltr'>mutuatoriom</span> <span class='ocrx_word' id='word_1_142' title='bbox 773 1431 816 1490; x_wconf 88' lang='lat' dir='ltr'>qui</span> <span class='ocrx_word' id='word_1_143' title='bbox 832 1443 919 1478; x_wconf 85' lang='lat' dir='ltr'>usuras</span> <span class='ocrx_word' id='word_1_144' title='bbox 939 1431 1026 1492; x_wconf 84' lang='lat' dir='ltr'>solvit,</span> <span class='ocrx_word' id='word_1_145' title='bbox 1037 1432 1149 1478; x_wconf 84' lang='lat' dir='ltr'>eamdem</span> <span class='ocrx_word' id='word_1_146' title='bbox 1159 1431 1290 1493; x_wconf 80' lang='lat' dir='ltr'>pecuniam</span> 
     </span>
     <span class='ocr_line' id='line_1_17' title="bbox 264 1498 1289 1560; baseline -0.001 -10"><span class='ocrx_word' id='word_1_147' title='bbox 264 1502 321 1556; x_wconf 70' lang='lat' dir='ltr'>aliis</span> <span class='ocrx_word' id='word_1_148' title='bbox 331 1502 376 1548; x_wconf 90' lang='lat' dir='ltr'>snb</span> <span class='ocrx_word' id='word_1_149' title='bbox 387 1500 468 1554; x_wconf 84' lang='lat' dir='ltr'>usuris</span> <span class='ocrx_word' id='word_1_150' title='bbox 478 1498 627 1556; x_wconf 72' lang='lat' dir='ltr'>majoribns&#39;</span> <span class='ocrx_word' id='word_1_151' title='bbox 622 1511 646 1545; x_wconf 92' lang='lat' dir='ltr'>nr</span> <span class='ocrx_word' id='word_1_152' title='bbox 659 1499 772 1546; x_wconf 87' lang='lat' dir='ltr'>mutuum</span> <span class='ocrx_word' id='word_1_153' title='bbox 780 1499 890 1560; x_wconf 81' lang='lat' dir='ltr'><strong>dedisse,</strong></span> <span class='ocrx_word' id='word_1_154' title='bbox 901 1499 955 1546; x_wconf 89' lang='lat' dir='ltr'>istis</span> <span class='ocrx_word' id='word_1_155' title='bbox 964 1499 1026 1547; x_wconf 88' lang='lat' dir='ltr'>ioret</span> <span class='ocrx_word' id='word_1_156' title='bbox 1035 1499 1231 1558; x_wconf 85' lang='lat' dir='ltr'>restituendum,</span> <span class='ocrx_word' id='word_1_157' title='bbox 1240 1500 1289 1556; x_wconf 86' lang='lat' dir='ltr'>nisi</span> 
     </span>
     <span class='ocr_line' id='line_1_18' title="bbox 263 1532 1290 1630; baseline -0.001 -12"><span class='ocrx_word' id='word_1_158' title='bbox 263 1569 488 1630; x_wconf 80' lang='lat' dir='ltr'>ipserostitntnrus</span> <span class='ocrx_word' id='word_1_159' title='bbox 498 1567 671 1626; x_wconf 71' lang='lat' dir='ltr'>praevideatur.</span> <span class='ocrx_word' id='word_1_160' title='bbox 688 1569 797 1616; x_wconf 75' lang='lat' dir='ltr'>Boeo-ier.</span> <span class='ocrx_word' id='word_1_161' title='bbox 806 1567 857 1614; x_wconf 82' lang='lat' dir='ltr'>lton</span> <span class='ocrx_word' id='word_1_162' title='bbox 869 1532 943 1628; x_wconf 76' lang='lat' dir='ltr'>pilio,</span> <span class='ocrx_word' id='word_1_163' title='bbox 955 1569 1003 1614; x_wconf 87' lang='lat' dir='ltr'>nisi</span> <span class='ocrx_word' id='word_1_164' title='bbox 1019 1569 1088 1628; x_wconf 86' lang='lat' dir='ltr'>prior</span> <span class='ocrx_word' id='word_1_165' title='bbox 1103 1571 1219 1616; x_wconf 89' lang='lat' dir='ltr'>mutuans</span> <span class='ocrx_word' id='word_1_166' title='bbox 1229 1581 1290 1627; x_wconf 82' lang='lat' dir='ltr'>oen-</span> 
     </span>
     <span class='ocr_line' id='line_1_19' title="bbox 217 1629 1290 1704; baseline -0.001 -19"><span class='ocrx_word' id='word_1_167' title='bbox 217 1699 221 1704; x_wconf 33' lang='grc'><em>,</em></span> <span class='ocrx_word' id='word_1_168' title='bbox 265 1639 349 1686; x_wconf 84' lang='lat' dir='ltr'>seatur</span> <span class='ocrx_word' id='word_1_169' title='bbox 359 1637 502 1696; x_wconf 86' lang='lat' dir='ltr'>cooperatus</span> <span class='ocrx_word' id='word_1_170' title='bbox 512 1635 675 1704; x_wconf 81' lang='lat' dir='ltr'>luissensoris</span> <span class='ocrx_word' id='word_1_171' title='bbox 683 1629 816 1693; x_wconf 82' lang='lat' dir='ltr'>majoribus</span> <span class='ocrx_word' id='word_1_172' title='bbox 825 1637 976 1696; x_wconf 77' lang='lat' dir='ltr'>posterioris,</span> <span class='ocrx_word' id='word_1_173' title='bbox 984 1636 1049 1704; x_wconf 82' lang='lat' dir='ltr'>quod</span> <span class='ocrx_word' id='word_1_174' title='bbox 1059 1637 1110 1684; x_wconf 85' lang='lat' dir='ltr'>dici</span> <span class='ocrx_word' id='word_1_175' title='bbox 1121 1637 1222 1698; x_wconf 87' lang='lat' dir='ltr'>nequit,</span> <span class='ocrx_word' id='word_1_176' title='bbox 1234 1637 1254 1684; x_wconf 87' lang='lat' dir='ltr'>si</span> <span class='ocrx_word' id='word_1_177' title='bbox 1264 1637 1290 1685; x_wconf 84' lang='grc' dir='ltr'>ιιι</span> 
     </span>
    </p>
   </div>
   <div class='ocr_carea' id='block_1_3' title="bbox 265 1708 1291 1792">
    <p class='ocr_par' dir='ltr' id='par_1_6' title="bbox 265 1708 1291 1792">
     <span class='ocr_line' id='line_1_20' title="bbox 265 1708 1291 1792; baseline -0.002 -34"><span class='ocrx_word' id='word_1_178' title='bbox 265 1711 410 1792; x_wconf 51' lang='lat' dir='ltr'>ignorabam</span> <span class='ocrx_word' id='word_1_179' title='bbox 422 1711 464 1754; x_wconf 91' lang='lat' dir='ltr'>ant</span> <span class='ocrx_word' id='word_1_180' title='bbox 474 1708 521 1754; x_wconf 87' lang='lat' dir='ltr'>nisi</span> <span class='ocrx_word' id='word_1_181' title='bbox 533 1720 614 1754; x_wconf 86' lang='lat' dir='ltr'>usurae</span> <span class='ocrx_word' id='word_1_182' title='bbox 625 1708 732 1763; x_wconf 86' lang='lat' dir='ltr'>minores</span> <span class='ocrx_word' id='word_1_183' title='bbox 742 1709 889 1755; x_wconf 90' lang='lat' dir='ltr'>censeantur</span> <span class='ocrx_word' id='word_1_184' title='bbox 896 1721 953 1768; x_wconf 83' lang='lat' dir='ltr'>pars</span> <span class='ocrx_word' id='word_1_185' title='bbox 966 1709 1100 1789; x_wconf 82' lang='lat' dir='ltr'>majorum,</span> <span class='ocrx_word' id='word_1_186' title='bbox 1113 1709 1178 1769; x_wconf 79' lang='lat' dir='ltr'>quoii</span> <span class='ocrx_word' id='word_1_187' title='bbox 1192 1710 1291 1758; x_wconf 80' lang='lat' dir='ltr'>videre·</span> 
     </span>
    </p>
   </div>
   <div class='ocr_carea' id='block_1_4' title="bbox 175 1775 1290 1833">
    <p class='ocr_par' dir='ltr' id='par_1_7' title="bbox 175 1775 1290 1833">
     <span class='ocr_line' id='line_1_21' title="bbox 175 1775 1290 1833; baseline -0.004 -5"><span class='ocrx_word' id='word_1_188' title='bbox 175 1811 177 1813; x_wconf 95' lang='lat'>-</span> <span class='ocrx_word' id='word_1_189' title='bbox 265 1783 307 1830; x_wconf 88' lang='lat' dir='ltr'>tur</span> <span class='ocrx_word' id='word_1_190' title='bbox 317 1780 337 1826; x_wconf 89' lang='lat' dir='ltr'>si</span> <span class='ocrx_word' id='word_1_191' title='bbox 349 1792 380 1826; x_wconf 81' lang='lat' dir='ltr'>ex</span> <span class='ocrx_word' id='word_1_192' title='bbox 390 1775 545 1832; x_wconf 79' lang='lat' dir='ltr'>conniventia</span> <span class='ocrx_word' id='word_1_193' title='bbox 566 1776 657 1824; x_wconf 86' lang='lat' dir='ltr'>iactum</span> <span class='ocrx_word' id='word_1_194' title='bbox 669 1778 701 1824; x_wconf 88' lang='lat' dir='ltr'>sit</span> <span class='ocrx_word' id='word_1_195' title='bbox 712 1777 757 1823; x_wconf 91' lang='lat' dir='ltr'>boc</span> <span class='ocrx_word' id='word_1_196' title='bbox 770 1777 911 1833; x_wconf 76' lang='lat' dir='ltr'>execrabile</span> <span class='ocrx_word' id='word_1_197' title='bbox 923 1778 1109 1833; x_wconf 78' lang='lat' dir='ltr'>commercium.</span> <span class='ocrx_word' id='word_1_198' title='bbox 1126 1779 1205 1826; x_wconf 76' lang='lat' dir='ltr'>Aliter</span> <span class='ocrx_word' id='word_1_199' title='bbox 1217 1777 1290 1825; x_wconf 84' lang='lat' dir='ltr'>rosti-</span> 
     </span>
    </p>
   </div>
   <div class='ocr_carea' id='block_1_5' title="bbox 262 1845 1292 2182">
    <p class='ocr_par' dir='ltr' id='par_1_8' title="bbox 262 1845 1292 2116">
     <span class='ocr_line' id='line_1_22' title="bbox 265 1845 1292 1926; baseline -0.002 -30"><span class='ocrx_word' id='word_1_200' title='bbox 265 1847 385 1896; x_wconf 70' lang='lat' dir='ltr'>tuentium</span> <span class='ocrx_word' id='word_1_201' title='bbox 396 1847 432 1901; x_wconf 86' lang='lat' dir='ltr'>illi</span> <span class='ocrx_word' id='word_1_202' title='bbox 444 1846 484 1892; x_wconf 89' lang='lat' dir='ltr'>eui</span> <span class='ocrx_word' id='word_1_203' title='bbox 496 1845 560 1892; x_wconf 85' lang='lat' dir='ltr'>taeta</span> <span class='ocrx_word' id='word_1_204' title='bbox 570 1846 608 1892; x_wconf 87' lang='lat' dir='ltr'>est</span> <span class='ocrx_word' id='word_1_205' title='bbox 619 1845 718 1926; x_wconf 74' lang='grc' dir='ltr'>ιιιιιιιιιι.</span> <span class='ocrx_word' id='word_1_206' title='bbox 730 1845 789 1892; x_wconf 83' lang='lat' dir='ltr'>llam</span> <span class='ocrx_word' id='word_1_207' title='bbox 798 1856 848 1892; x_wconf 93' lang='lat' dir='ltr'>non</span> <span class='ocrx_word' id='word_1_208' title='bbox 863 1845 963 1894; x_wconf 85' lang='lat' dir='ltr'>videtur</span> <span class='ocrx_word' id='word_1_209' title='bbox 971 1846 1044 1906; x_wconf 85' lang='lat' dir='ltr'>quale</span> <span class='ocrx_word' id='word_1_210' title='bbox 1054 1845 1095 1904; x_wconf 82' lang='lat' dir='ltr'>jus</span> <span class='ocrx_word' id='word_1_211' title='bbox 1104 1847 1225 1907; x_wconf 70' lang='lat' dir='ltr'>posterior</span> <span class='ocrx_word' id='word_1_212' title='bbox 1235 1858 1292 1894; x_wconf 87' lang='lat' dir='ltr'>mu·</span> 
     </span>
     <span class='ocr_line' id='line_1_23' title="bbox 265 1909 1292 1976; baseline -0.001 -12"><span class='ocrx_word' id='word_1_213' title='bbox 265 1917 388 1964; x_wconf 85' lang='lat' dir='ltr'>tuatarius</span> <span class='ocrx_word' id='word_1_214' title='bbox 402 1914 492 1964; x_wconf 87' lang='lat' dir='ltr'>habeat</span> <span class='ocrx_word' id='word_1_215' title='bbox 502 1915 530 1960; x_wconf 92' lang='grc' dir='ltr'>ιιι</span> <span class='ocrx_word' id='word_1_216' title='bbox 545 1912 593 1960; x_wconf 85' lang='lat' dir='ltr'>sibi</span> <span class='ocrx_word' id='word_1_217' title='bbox 604 1909 618 1960; x_wconf 80' lang='grc' dir='ltr'>ι</span> <span class='ocrx_word' id='word_1_218' title='bbox 628 1913 704 1974; x_wconf 84' lang='lat' dir='ltr'>priori</span> <span class='ocrx_word' id='word_1_219' title='bbox 721 1914 852 1961; x_wconf 87' lang='lat' dir='ltr'>mutuante</span> <span class='ocrx_word' id='word_1_220' title='bbox 866 1913 909 1962; x_wconf 80' lang='lat' dir='ltr'>nat</span> <span class='ocrx_word' id='word_1_221' title='bbox 926 1915 1059 1962; x_wconf 85' lang='lat' dir='ltr'>restitutio.</span> <span class='ocrx_word' id='word_1_222' title='bbox 1074 1915 1206 1976; x_wconf 82' lang='lat' dir='ltr'>Equidem,</span> <span class='ocrx_word' id='word_1_223' title='bbox 1217 1915 1247 1962; x_wconf 92' lang='lat' dir='ltr'>ut</span> <span class='ocrx_word' id='word_1_224' title='bbox 1256 1915 1292 1971; x_wconf 81' lang='lat' dir='ltr'>ait</span> 
     </span>
     <span class='ocr_line' id='line_1_24' title="bbox 265 1983 1292 2044; baseline -0.002 -10"><span class='ocrx_word' id='word_1_225' title='bbox 265 1984 296 2042; x_wconf 79' lang='lat' dir='ltr'>D.</span> <span class='ocrx_word' id='word_1_226' title='bbox 307 1983 477 2044; x_wconf 83' lang='lat' dir='ltr'>Bourierpost</span> <span class='ocrx_word' id='word_1_227' title='bbox 495 1983 545 2038; x_wconf 78' lang='lat' dir='ltr'>Col.</span> <span class='ocrx_word' id='word_1_228' title='bbox 557 1984 735 2044; x_wconf 68' lang='lat' dir='ltr'>Parisiensern,</span> <span class='ocrx_word' id='word_1_229' title='bbox 749 1983 852 2037; x_wconf 84' lang='lat' dir='ltr'>nltunus</span> <span class='ocrx_word' id='word_1_230' title='bbox 861 1983 1025 2034; x_wconf 77' lang='lat' dir='ltr'>mutuatarius</span> <span class='ocrx_word' id='word_1_231' title='bbox 1040 1983 1292 2050; x_wconf 80' lang='lat' dir='ltr'>damnumexusurir</span> 
     </span>
     <span class='ocr_line' id='line_1_25' title="bbox 262 2050 985 2116; baseline 0.001 -14"><span class='ocrx_word' id='word_1_232' title='bbox 262 2063 351 2116; x_wconf 78' lang='lat' dir='ltr'>passus</span> <span class='ocrx_word' id='word_1_233' title='bbox 362 2058 411 2115; x_wconf 77' lang='lat' dir='ltr'>e&#39;st3</span> <span class='ocrx_word' id='word_1_234' title='bbox 421 2053 520 2102; x_wconf 89' lang='lat' dir='ltr'>sednon</span> <span class='ocrx_word' id='word_1_235' title='bbox 532 2067 545 2099; x_wconf 92' lang='lat' dir='ltr'>a</span> <span class='ocrx_word' id='word_1_236' title='bbox 556 2053 636 2112; x_wconf 84' lang='lat' dir='ltr'>primo</span> <span class='ocrx_word' id='word_1_237' title='bbox 647 2053 794 2113; x_wconf 86' lang='lat' dir='ltr'>mutuante,</span> <span class='ocrx_word' id='word_1_238' title='bbox 805 2053 854 2100; x_wconf 87' lang='lat' dir='ltr'>nisi</span> <span class='ocrx_word' id='word_1_239' title='bbox 865 2055 894 2100; x_wconf 92' lang='lat' dir='ltr'>nt</span> <span class='ocrx_word' id='word_1_240' title='bbox 904 2050 985 2103; x_wconf 79' lang='lat' dir='ltr'>morib.</span> 
     </span>
    </p>

    <p class='ocr_par' dir='ltr' id='par_1_9' title="bbox 296 2086 913 2182">
     <span class='ocr_line' id='line_1_26' title="bbox 296 2086 913 2182; baseline -0.002 -12"><span class='ocrx_word' id='word_1_241' title='bbox 296 2123 322 2170; x_wconf 87' lang='lat' dir='ltr'>Si</span> <span class='ocrx_word' id='word_1_242' title='bbox 333 2121 396 2182; x_wconf 79' lang='lat' dir='ltr'>bont</span> <span class='ocrx_word' id='word_1_243' title='bbox 404 2088 456 2170; x_wconf 76' lang='lat' dir='ltr'>ilde</span> <span class='ocrx_word' id='word_1_244' title='bbox 466 2133 547 2169; x_wconf 84' lang='lat' dir='ltr'>usurae</span> <span class='ocrx_word' id='word_1_245' title='bbox 557 2122 664 2180; x_wconf 83' lang='lat' dir='ltr'>aeeeptae</span> <span class='ocrx_word' id='word_1_246' title='bbox 675 2122 739 2182; x_wconf 85' lang='lat' dir='ltr'>sint,</span> <span class='ocrx_word' id='word_1_247' title='bbox 740 2086 808 2170; x_wconf 70' lang='lat' dir='ltr'>virio</span> <span class='ocrx_word' id='word_1_248' title='bbox 818 2134 836 2169; x_wconf 94' lang='lat' dir='ltr'>n</span> <span class='ocrx_word' id='word_1_249' title='bbox 836 2120 913 2170; x_wconf 79' lang='lat'><strong>⁰663.</strong></span> 
     </span>
    </p>
   </div>
   <div class='ocr_carea' id='block_1_6' title="bbox 296 2246 1292 2362">
    <p class='ocr_par' dir='ltr' id='par_1_10' title="bbox 258 2246 1292 2362">
     <span class='ocr_line' id='line_1_27' title="bbox 296 2246 1292 2362; baseline 0.001 -23.963"><span class='ocrx_word' id='word_1_250' title='bbox 296 2248 382 2351; x_wconf 47' lang='lat'><strong>&#39;4682</strong></span> <span class='ocrx_word' id='word_1_251' title='bbox 397 2271 434 2336; x_wconf 88' lang='lat' dir='ltr'>ln</span> <span class='ocrx_word' id='word_1_252' title='bbox 448 2248 569 2336; x_wconf 82' lang='lat' dir='ltr'>defectu</span> <span class='ocrx_word' id='word_1_253' title='bbox 579 2248 724 2348; x_wconf 62' lang='lat' dir='ltr'>usurarii,</span> <span class='ocrx_word' id='word_1_254' title='bbox 738 2264 900 2338; x_wconf 87' lang='lat' dir='ltr'>restituere</span> <span class='ocrx_word' id='word_1_255' title='bbox 908 2259 1050 2338; x_wconf 83' lang='lat' dir='ltr'>tenentur</span> <span class='ocrx_word' id='word_1_256' title='bbox 1060 2246 1292 2362; x_wconf 53' lang='lat' dir='ltr'>cooperatores]</span> 
     </span>
    </p>
   </div>
   <div class='ocr_carea' id='block_1_7' title="bbox 255 2363 1295 3955">
    <p class='ocr_par' dir='ltr' id='par_1_11' title="bbox 255 2363 1293 3026">
     <span class='ocr_line' id='line_1_28' title="bbox 255 2363 1292 2457; baseline 0 -23"><span class='ocrx_word' id='word_1_257' title='bbox 255 2381 300 2438; x_wconf 86' lang='lat' dir='ltr'>ut</span> <span class='ocrx_word' id='word_1_258' title='bbox 313 2365 449 2456; x_wconf 85' lang='lat' dir='ltr'>judiees,</span> <span class='ocrx_word' id='word_1_259' title='bbox 465 2363 672 2446; x_wconf 63' lang='lat' dir='ltr'>admonita),</span> <span class='ocrx_word' id='word_1_260' title='bbox 687 2377 863 2454; x_wconf 83' lang='lat' dir='ltr'>proxenetae</span> <span class='ocrx_word' id='word_1_261' title='bbox 872 2365 939 2446; x_wconf 87' lang='lat' dir='ltr'>(seu</span> <span class='ocrx_word' id='word_1_262' title='bbox 954 2365 1006 2456; x_wconf 89' lang='lat' dir='ltr'>qui</span> <span class='ocrx_word' id='word_1_263' title='bbox 1021 2381 1126 2457; x_wconf 83' lang='lat' dir='ltr'>partes</span> <span class='ocrx_word' id='word_1_264' title='bbox 1139 2366 1292 2435; x_wconf 91' lang='lat' dir='ltr'>usurario·</span> 
     </span>
     <span class='ocr_line' id='line_1_29' title="bbox 266 2457 1292 2566; baseline -0.001 -37"><span class='ocrx_word' id='word_1_265' title='bbox 266 2486 337 2530; x_wconf 86' lang='lat' dir='ltr'>rum</span> <span class='ocrx_word' id='word_1_266' title='bbox 361 2475 484 2546; x_wconf 79' lang='lat' dir='ltr'>agentes</span> <span class='ocrx_word' id='word_1_267' title='bbox 505 2473 651 2566; x_wconf 72' lang='lat' dir='ltr'>quaerunt</span> <span class='ocrx_word' id='word_1_268' title='bbox 668 2483 719 2524; x_wconf 89' lang='lat' dir='ltr'>eos</span> <span class='ocrx_word' id='word_1_269' title='bbox 734 2457 787 2550; x_wconf 89' lang='lat' dir='ltr'>qni</span> <span class='ocrx_word' id='word_1_270' title='bbox 803 2457 932 2564; x_wconf 83' lang='lat' dir='ltr'>pecunia</span> <span class='ocrx_word' id='word_1_271' title='bbox 917 2458 1121 2550; x_wconf 80' lang='lat' dir='ltr'>indigent),</span> <span class='ocrx_word' id='word_1_272' title='bbox 1138 2459 1292 2546; x_wconf 73' lang='lat' dir='ltr'>factores,</span> 
     </span>
     <span class='ocr_line' id='line_1_30' title="bbox 266 2551 1293 2648; baseline 0.001 -25"><span class='ocrx_word' id='word_1_273' title='bbox 266 2553 557 2648; x_wconf 82' lang='lat' dir='ltr'>correspondentes,</span> <span class='ocrx_word' id='word_1_274' title='bbox 580 2567 734 2620; x_wconf 80' lang='lat' dir='ltr'>institores</span> <span class='ocrx_word' id='word_1_275' title='bbox 746 2553 818 2635; x_wconf 90' lang='lat' dir='ltr'>(seu</span> <span class='ocrx_word' id='word_1_276' title='bbox 844 2551 898 2644; x_wconf 89' lang='lat' dir='ltr'>qui</span> <span class='ocrx_word' id='word_1_277' title='bbox 916 2578 1024 2620; x_wconf 91' lang='lat' dir='ltr'>usuras</span> <span class='ocrx_word' id='word_1_278' title='bbox 1046 2552 1269 2648; x_wconf 88' lang='lat' dir='ltr'>recipiendas</span> <span class='ocrx_word' id='word_1_279' title='bbox 1259 2582 1293 2624; x_wconf 91' lang='grc' dir='ltr'>ιιι</span> 
     </span>
     <span class='ocr_line' id='line_1_31' title="bbox 266 2647 1294 2742; baseline -0.001 -23"><span class='ocrx_word' id='word_1_280' title='bbox 266 2651 363 2722; x_wconf 84' lang='lat' dir='ltr'>libros</span> <span class='ocrx_word' id='word_1_281' title='bbox 380 2649 533 2718; x_wconf 87' lang='lat' dir='ltr'>rationum</span> <span class='ocrx_word' id='word_1_282' title='bbox 550 2647 722 2734; x_wconf 83' lang='lat' dir='ltr'>referunt),</span> <span class='ocrx_word' id='word_1_283' title='bbox 738 2647 850 2715; x_wconf 89' lang='lat' dir='ltr'>notarii</span> <span class='ocrx_word' id='word_1_284' title='bbox 865 2648 946 2742; x_wconf 87' lang='lat' dir='ltr'>‚qui</span> <span class='ocrx_word' id='word_1_285' title='bbox 966 2649 1167 2718; x_wconf 87' lang='lat' dir='ltr'>instrumenta</span> <span class='ocrx_word' id='word_1_286' title='bbox 1179 2673 1294 2724; x_wconf 74' lang='lat' dir='ltr'>usura-,-</span> 
     </span>
     <span class='ocr_line' id='line_1_32' title="bbox 263 2701 1293 2840; baseline 0.001 -27.004"><span class='ocrx_word' id='word_1_287' title='bbox 263 2747 315 2819; x_wconf 88' lang='lat' dir='ltr'>ria</span> <span class='ocrx_word' id='word_1_288' title='bbox 338 2744 521 2826; x_wconf 88' lang='lat' dir='ltr'>conficiunt,</span> <span class='ocrx_word' id='word_1_289' title='bbox 543 2760 574 2812; x_wconf 83' lang='lat' dir='ltr'>el</span> <span class='ocrx_word' id='word_1_290' title='bbox 600 2760 694 2813; x_wconf 87' lang='lat' dir='ltr'>testes</span> <span class='ocrx_word' id='word_1_291' title='bbox 712 2744 766 2838; x_wconf 90' lang='lat' dir='ltr'>qui</span> <span class='ocrx_word' id='word_1_292' title='bbox 790 2743 829 2811; x_wconf 92' lang='lat' dir='ltr'>iis</span> <span class='ocrx_word' id='word_1_293' title='bbox 850 2701 1064 2823; x_wconf 81' lang='lat' dir='ltr'>sirbscribunt;</span> <span class='ocrx_word' id='word_1_294' title='bbox 1090 2746 1216 2814; x_wconf 87' lang='lat' dir='ltr'>tandem</span> <span class='ocrx_word' id='word_1_295' title='bbox 1239 2746 1293 2840; x_wconf 87' lang='lat' dir='ltr'>qui</span> 
     </span>
     <span class='ocr_line' id='line_1_33' title="bbox 266 2838 1291 2932; baseline 0 -24"><span class='ocrx_word' id='word_1_296' title='bbox 266 2838 430 2918; x_wconf 88' lang='lat' dir='ltr'>usurariis,</span> <span class='ocrx_word' id='word_1_297' title='bbox 449 2839 549 2906; x_wconf 82' lang='lat' dir='ltr'>soenus</span> <span class='ocrx_word' id='word_1_298' title='bbox 564 2839 652 2932; x_wconf 88' lang='lat' dir='ltr'>quasi</span> <span class='ocrx_word' id='word_1_299' title='bbox 665 2854 766 2907; x_wconf 88' lang='lat' dir='ltr'>artem</span> <span class='ocrx_word' id='word_1_300' title='bbox 789 2839 1000 2907; x_wconf 81' lang='lat' dir='ltr'>exercentibus</span> <span class='ocrx_word' id='word_1_301' title='bbox 1011 2841 1162 2922; x_wconf 76' lang='lat' dir='ltr'>(tornum</span> <span class='ocrx_word' id='word_1_302' title='bbox 1171 2841 1291 2924; x_wconf 87' lang='lat' dir='ltr'>locant</span> 
     </span>
     <span class='ocr_line' id='line_1_34' title="bbox 262 2934 1114 3042; baseline -0.001 -41"><span class='ocrx_word' id='word_1_303' title='bbox 262 2933 474 3026; x_wconf 75' lang='lat' dir='ltr'>autpecunias</span> <span class='ocrx_word' id='word_1_304' title='bbox 489 2934 563 3004; x_wconf 81' lang='lat' dir='ltr'>dant</span> <span class='ocrx_word' id='word_1_305' title='bbox 575 2935 615 3006; x_wconf 84' lang='grc' dir='ltr'>ιιι]</span> <span class='ocrx_word' id='word_1_306' title='bbox 626 2934 728 3042; x_wconf 77' lang='lat' dir='ltr'>foenns</span> <span class='ocrx_word' id='word_1_307' title='bbox 743 2936 789 3020; x_wconf 80' lang='grc' dir='ltr'>(ιι)</span> <span class='ocrx_word' id='word_1_308' title='bbox 806 2934 1022 3003; x_wconf 86' lang='lat' dir='ltr'>exercendum.</span> <span class='ocrx_word' id='word_1_309' title='bbox 1112 2951 1114 2956; x_wconf 82' lang='grc'>’</span> 
     </span>
    </p>

    <p class='ocr_par' dir='ltr' id='par_1_12' title="bbox 266 3019 1295 3501">
     <span class='ocr_line' id='line_1_35' title="bbox 297 3019 1294 3144; baseline 0 -48"><span class='ocrx_word' id='word_1_310' title='bbox 297 3019 362 3098; x_wconf 78' lang='lat' dir='ltr'>Ex</span> <span class='ocrx_word' id='word_1_311' title='bbox 375 3029 624 3137; x_wconf 82' lang='lat' dir='ltr'>cooperatoribus</span> <span class='ocrx_word' id='word_1_312' title='bbox 638 3028 745 3122; x_wconf 85' lang='lat' dir='ltr'>excipe</span> <span class='ocrx_word' id='word_1_313' title='bbox 756 3027 810 3144; x_wconf 84' lang='lat' dir='ltr'>qni</span> <span class='ocrx_word' id='word_1_314' title='bbox 825 3028 1003 3095; x_wconf 87' lang='lat' dir='ltr'>mutuatarii</span> <span class='ocrx_word' id='word_1_315' title='bbox 1017 3021 1182 3137; x_wconf 72' lang='lat' dir='ltr'>indigentis</span> <span class='ocrx_word' id='word_1_316' title='bbox 1192 3031 1294 3136; x_wconf 74' lang='lat' dir='ltr'>magis</span> 
     </span>
     <span class='ocr_line' id='line_1_36' title="bbox 266 3122 1294 3220; baseline -0.002 -28"><span class='ocrx_word' id='word_1_317' title='bbox 266 3129 361 3220; x_wconf 73' lang='lat' dir='ltr'>quim</span> <span class='ocrx_word' id='word_1_318' title='bbox 370 3123 535 3200; x_wconf 82' lang='lat' dir='ltr'>mutuantis</span> <span class='ocrx_word' id='word_1_319' title='bbox 550 3140 651 3215; x_wconf 88' lang='lat' dir='ltr'>partes</span> <span class='ocrx_word' id='word_1_320' title='bbox 663 3140 769 3215; x_wconf 83' lang='lat' dir='ltr'>agunt.</span> <span class='ocrx_word' id='word_1_321' title='bbox 784 3122 866 3190; x_wconf 60' lang='lat' dir='ltr'>trum</span> <span class='ocrx_word' id='word_1_322' title='bbox 877 3147 959 3192; x_wconf 78' lang='lat' dir='ltr'>enlm</span> <span class='ocrx_word' id='word_1_323' title='bbox 969 3122 1105 3193; x_wconf 81' lang='lat' dir='ltr'>edistius</span> <span class='ocrx_word' id='word_1_324' title='bbox 1113 3138 1294 3217; x_wconf 78' lang='lat' dir='ltr'>petitionem</span> 
     </span>
     <span class='ocr_line' id='line_1_37' title="bbox 267 3217 1295 3337; baseline -0.001 -50"><span class='ocrx_word' id='word_1_325' title='bbox 267 3245 369 3288; x_wconf 88' lang='lat' dir='ltr'>usurae</span> <span class='ocrx_word' id='word_1_326' title='bbox 384 3235 600 3337; x_wconf 84' lang='lat' dir='ltr'>cooperentur,</span> <span class='ocrx_word' id='word_1_327' title='bbox 614 3247 713 3312; x_wconf 80' lang='lat' dir='ltr'><strong>v..,g</strong></span> <span class='ocrx_word' id='word_1_328' title='bbox 728 3217 898 3333; x_wconf 85' lang='lat' dir='ltr'>pecuniam</span> <span class='ocrx_word' id='word_1_329' title='bbox 909 3218 1128 3312; x_wconf 50' lang='lat' dir='ltr'>procurandum</span> <span class='ocrx_word' id='word_1_330' title='bbox 1140 3233 1218 3302; x_wconf 74' lang='lat' dir='ltr'>ete,</span> <span class='ocrx_word' id='word_1_331' title='bbox 1232 3242 1295 3286; x_wconf 95' lang='lat' dir='ltr'>non</span> 
     </span>
     <span class='ocr_line' id='line_1_38' title="bbox 267 3312 1295 3431; baseline 0.002 -51"><span class='ocrx_word' id='word_1_332' title='bbox 267 3330 397 3431; x_wconf 78' lang='lat' dir='ltr'>peccant</span> <span class='ocrx_word' id='word_1_333' title='bbox 418 3319 524 3382; x_wconf 70' lang='lat' dir='ltr'>contri</span> <span class='ocrx_word' id='word_1_334' title='bbox 542 3315 707 3427; x_wconf 82' lang='lat' dir='ltr'>justitiam,</span> <span class='ocrx_word' id='word_1_335' title='bbox 725 3340 782 3383; x_wconf 90' lang='lat' dir='ltr'>nec</span> <span class='ocrx_word' id='word_1_336' title='bbox 801 3316 908 3381; x_wconf 73' lang='lat' dir='ltr'>eontra</span> <span class='ocrx_word' id='word_1_337' title='bbox 926 3312 1123 3398; x_wconf 85' lang='lat' dir='ltr'>charitatem,</span> <span class='ocrx_word' id='word_1_338' title='bbox 1142 3314 1295 3408; x_wconf 79' lang='lat' dir='ltr'>sedsaepe</span> 
     </span>
     <span class='ocr_line' id='line_1_39' title="bbox 269 3409 878 3526; baseline 0 -50"><span class='ocrx_word' id='word_1_339' title='bbox 269 3432 311 3476; x_wconf 82' lang='lat' dir='ltr'>see</span> <span class='ocrx_word' id='word_1_340' title='bbox 335 3409 382 3474; x_wconf 91' lang='lat' dir='ltr'>ius</span> <span class='ocrx_word' id='word_1_341' title='bbox 394 3414 500 3476; x_wconf 88' lang='lat' dir='ltr'>contra</span> <span class='ocrx_word' id='word_1_342' title='bbox 515 3409 599 3501; x_wconf 85' lang='lat' dir='ltr'>leges</span> <span class='ocrx_word' id='word_1_343' title='bbox 615 3427 645 3480; x_wconf 91' lang='lat' dir='ltr'>et</span> <span class='ocrx_word' id='word_1_344' title='bbox 658 3411 878 3526; x_wconf 79' lang='lat' dir='ltr'>juramentum.</span> 
     </span>
    </p>

    <p class='ocr_par' dir='ltr' id='par_1_13' title="bbox 310 3435 1294 3607">
     <span class='ocr_line' id='line_1_40' title="bbox 310 3435 1294 3607; baseline -0.001 -40"><span class='ocrx_word' id='word_1_345' title='bbox 310 3435 490 3569; x_wconf 41' lang='lat' dir='ltr'>interes(</span> <span class='ocrx_word' id='word_1_346' title='bbox 457 3503 537 3569; x_wconf 81' lang='lat' dir='ltr'>mal&#39;e</span> <span class='ocrx_word' id='word_1_347' title='bbox 549 3520 765 3578; x_wconf 83' lang='lat' dir='ltr'>excusarentur</span> <span class='ocrx_word' id='word_1_348' title='bbox 775 3530 811 3574; x_wconf 92' lang='lat' dir='ltr'>co</span> <span class='ocrx_word' id='word_1_349' title='bbox 795 3502 956 3597; x_wconf 72' lang='lat' dir='ltr'>qued</span> <span class='ocrx_word' id='word_1_350' title='bbox 913 3503 1139 3572; x_wconf 81' lang='lat' dir='ltr'>minorennium</span> <span class='ocrx_word' id='word_1_351' title='bbox 1148 3501 1294 3607; x_wconf 77' lang='lat' dir='ltr'>peeunias</span> 
     </span>
    </p>

    <p class='ocr_par' dir='ltr' id='par_1_14' title="bbox 264 3576 1294 3952">
     <span class='ocr_line' id='line_1_41' title="bbox 264 3576 1294 3712; baseline 0.002 -48.079"><span class='ocrx_word' id='word_1_352' title='bbox 264 3595 363 3668; x_wconf 82' lang='lat' dir='ltr'>modo</span> <span class='ocrx_word' id='word_1_353' title='bbox 375 3576 497 3662; x_wconf 80' lang='lat' dir='ltr'>lucroso</span> <span class='ocrx_word' id='word_1_354' title='bbox 511 3595 690 3712; x_wconf 73' lang='lat' dir='ltr'>impendere</span> <span class='ocrx_word' id='word_1_355' title='bbox 704 3613 875 3668; x_wconf 78' lang='lat' dir='ltr'>teneantur.</span> <span class='ocrx_word' id='word_1_356' title='bbox 887 3598 1014 3666; x_wconf 84' lang='lat' dir='ltr'>Habent</span> <span class='ocrx_word' id='word_1_357' title='bbox 1025 3597 1107 3664; x_wconf 86' lang='lat' dir='ltr'>enirn</span> <span class='ocrx_word' id='word_1_358' title='bbox 1119 3593 1223 3662; x_wconf 88' lang='lat' dir='ltr'>media</span> <span class='ocrx_word' id='word_1_359' title='bbox 1233 3593 1294 3666; x_wconf 81' lang='lat' dir='ltr'>alia</span> 
     </span>
     <span class='ocr_line' id='line_1_42' title="bbox 269 3686 1294 3796; baseline -0.001 -41"><span class='ocrx_word' id='word_1_360' title='bbox 269 3713 364 3782; x_wconf 88' lang='lat' dir='ltr'>qnam</span> <span class='ocrx_word' id='word_1_361' title='bbox 376 3704 531 3760; x_wconf 87' lang='lat' dir='ltr'>mutuum.</span> <span class='ocrx_word' id='word_1_362' title='bbox 553 3691 591 3759; x_wconf 89' lang='lat' dir='ltr'>Si</span> <span class='ocrx_word' id='word_1_363' title='bbox 609 3694 684 3784; x_wconf 81' lang='lat' dir='ltr'>orgi)</span> <span class='ocrx_word' id='word_1_364' title='bbox 699 3693 820 3781; x_wconf 83' lang='lat' dir='ltr'>justum</span> <span class='ocrx_word' id='word_1_365' title='bbox 838 3692 973 3784; x_wconf 78' lang='lat' dir='ltr'>aliquem</span> <span class='ocrx_word' id='word_1_366' title='bbox 994 3717 1032 3759; x_wconf 80' lang='lat' dir='ltr'>ex</span> <span class='ocrx_word' id='word_1_367' title='bbox 1049 3686 1209 3796; x_wconf 68' lang='lat' dir='ltr'>assignetis</span> <span class='ocrx_word' id='word_1_368' title='bbox 1222 3686 1294 3760; x_wconf 87' lang='lat' dir='ltr'>titu</span> 
     </span>
     <span class='ocr_line' id='line_1_43' title="bbox 270 3780 1294 3952; baseline 0.006 -102"><span class='ocrx_word' id='word_1_369' title='bbox 270 3783 436 3952; x_wconf 50' lang='grc' dir='ltr'>ιιιιιιῐιιοιι</span> <span class='ocrx_word' id='word_1_370' title='bbox 443 3784 626 3874; x_wconf 81' lang='lat' dir='ltr'>habuerint,</span> <span class='ocrx_word' id='word_1_371' title='bbox 641 3802 783 3880; x_wconf 82' lang='lat' dir='ltr'>tenentur</span> <span class='ocrx_word' id='word_1_372' title='bbox 806 3789 848 3859; x_wconf 87' lang='lat' dir='ltr'>ad</span> <span class='ocrx_word' id='word_1_373' title='bbox 870 3781 1191 3868; x_wconf 66' lang='lat' dir='ltr'>restitueremus</span> <span class='ocrx_word' id='word_1_374' title='bbox 1182 3780 1294 3856; x_wconf 75' lang='lat' dir='ltr'>bont</span> 
     </span>
    </p>

    <p class='ocr_par' dir='ltr' id='par_1_15' title="bbox 313 3878 526 3955">
     <span class='ocr_line' id='line_1_44' title="bbox 313 3878 526 3955; baseline 0.012 -2"><span class='ocrx_word' id='word_1_375' title='bbox 313 3903 331 3953; x_wconf 74' lang='grc' dir='ltr'>ι</span> <span class='ocrx_word' id='word_1_376' title='bbox 359 3878 526 3955; x_wconf 73' lang='lat' dir='ltr'>crerint.</span> 
     </span>
    </p>
   </div>
   <div class='ocr_carea' id='block_1_8' title="bbox 0 0 1489 4684">
    <p class='ocr_par' dir='ltr' id='par_1_16' title="bbox 0 0 1489 4684">
     <span class='ocr_line' id='line_1_45' title="bbox 0 0 1489 4684; baseline 0 0"><span class='ocrx_word' id='word_1_377' title='bbox 0 0 1489 4684; x_wconf 95' lang='lat' dir='ltr'> </span> 
     </span>
    </p>
   </div>
  </div>
 </body>
</html>
