2864 4672
267 225 338 316 514
622 245 760 302 tnoux
785 247 945 300 nanum.

306 343 506 402 Fiuntussott.
523 341 699 417 Quandonam
710 323 892 426 injustus?
857 340 930 405 518.
939 341 1011 402 Num
1020 339 1121 470 aliquid
1130 362 1178 424 pro
1189 340 1299 427 fidejus·

188 502 192 510 ¹
261 421 337 494 sione
348 432 465 512 accipere
477 431 704 512 possitiibidem.
717 455 748 492 a.

305 523 446 586 Ftnttuns
463 521 540 596 Quid
552 521 664 582 debeant
679 522 847 603 pastoribus?
862 519 935 596 343.

305 613 328 672 F
329 627 612 674 nont-commrssun.
626 613 697 671 Num
711 611 957 672 fidei-commissum
973 613 1098 694 injustum
1109 612 1145 671 sit
1157 611 1181 671 si
1191 633 1232 672 res
1243 609 1297 672 ab-

262 702 346 764 soluti
365 703 440 762 datm
454 701 722 776 fidei-commissario,
739 703 801 763 licit
819 727 849 764 er
864 697 1009 765 intentione
1025 717 1051 776 et
1066 725 1123 764 cum
1138 700 1295 764 confidentib

262 793 442 855 translationis
457 793 490 851 ad
506 791 666 852 inhabilem?
682 791 753 866 448.
768 815 796 856 c.

303 881 327 946 F
329 901 405 944 tous
420 884 494 973 Quid
506 899 531 944 et
543 885 700 968 quotuplex?
713 884 784 945 218.
801 888 870 963 Quae
881 886 985 946 eredere
995 885 1045 946 fide
1057 881 1178 966 expliciti
1189 907 1294 946 necesse

262 976 306 1038 sit
311 978 463 1036 necessitate
478 976 575 1035 medii?
592 977 867 1060 219.Qnaernsuper
882 977 965 1036 solnm
980 979 1135 1036 necessitate
1149 975 1293 1082 praecepti?

261 1069 375 1128 ibidem.
393 1067 533 1150 Quomodo
549 1089 637 1148 gerere
650 1091 676 1126 se
692 1068 783 1127 debeat
795 1068 970 1127 confessarius
982 1071 1044 1146 erg'a
1056 1089 1100 1126 eos
1112 1069 1156 1146 qni
1169 1069 1292 1146 ignorant

261 1160 406 1220 necessaria
424 1159 457 1218 ad
472 1139 601 1216 saltitem?
621 1157 691 1240 745,
713 1159 790 1234 Quos
805 1173 831 1217 et
846 1156 950 1236 qrtando
966 1157 1067 1238 obliget
1082 1172 1155 1216 actus
1171 1156 1254 1216 fidei
1245 1177 1291 1216 rn-

260 1250 359 1311 temaei'
372 1271 431 1310 220
444 1275 450 1318 ;
463 1249 522 1308 fidei
537 1264 663 1322 externae,
676 1273 721 1308 seu
732 1264 836 1308 externa
851 1247 910 1308 fidei
926 1247 1073 1330 professio?
1085 1271 1157 1308 221.
1170 1249 1239 1308 Num
1252 1247 1291 1307 li-

260 1354 317 1401 ceat
327 1340 466 1419 aliquando
478 1339 607 1400 occultare
619 1339 708 1399 fidem?
716 1341 787 1398 Num
797 1341 833 1400 uti
842 1353 911 1398 veste
923 1353 1019 1399 sectam
1027 1341 1041 1397 Ξι
1049 1355 1119 1400 secta
1127 1337 1290 1402 secernente?

260 1429 374 1490 ebidem.
403 1451 434 1491 a.
461 1431 488 1490 b.
516 1451 542 1490 c.
565 1431 636 1489 Num
663 1431 785 1490 assistere
807 1430 977 1490 concionibus
1005 1428 1201 1516 baereticorum?
1219 1429 1289 1488 Num

260 1543 350 1584 corum
374 1522 518 1582 funeribus.
542 1521 655 1583 ibidem.
673 1523 743 1580 Num
763 1543 851 1606 eornm
872 1521 910 1580 uti
925 1520 1063 1600 obsequio,
1080 1535 1125 1580 aut
1139 1522 1199 1602 ipsis
1213 1541 1282 1600 prae-

261 1613 470 1674 starei'ibidem.
485 1614 553 1671 Num
566 1613 624 1690 quis
636 1626 719 1672 tacere
732 1613 815 1693 possit
826 1634 885 1671 cnm
895 1611 994 1691 aliquid
1007 1609 1081 1671 audit
1092 1625 1175 1670 contra
1185 1611 1282 1686 Deum,

260 1717 305 1763 aut
319 1726 372 1762 non
387 1698 507 1762 resistere
520 1723 595 1762 sacra
609 1701 774 1784 profanasti,
788 1702 864 1764 eto?
881 1725 953 1764 222.

302 1785 417 1854 Fletus}
445 1793 521 1867 Quid
543 1792 589 1852 filii
615 1793 728 1854 debeant
752 1794 925 1875 parentibus?
939 1791 1011 1854 333⁴.
1029 1793 1170 1868 Quomodo
1182 1785 1289 1874 peccent

260 1887 352 1945 contr‘a
370 1885 558 1945 reverentiam?
575 1875 689 1943 ibidem.
707 1907 738 1945 a.
756 1884 859 1946 Contri
872 1908 984 1946 amorem
995 1885 1007 1944 i
1020 1885 1131 1968 ibidem.
1146 1885 1173 1944 b.
1186 1881 1290 1944 'Conni

260 1976 454 2037 obedientiam?
467 1976 581 2035 ibidem.
597 1997 623 2039 e.
641 1973 744 2038 Contr'a
761 1976 870 2035 subsidii
886 1973 1020 2037 officium?
1037 1971 1149 2034 ibidem.
1165 1976 1193 2035 d.
1213 1973 1288 2048 Quid

259 2068 371 2127 debeant
381 2067 439 2126 aliis
451 2068 583 2147 cognatis,
592 2066 665 2130 ete?
675 2065 748 2140 384.
756 2066 897 2141 Quomodo
910 2067 1001 2149 injusti
1014 2067 1067 2126 sint
1078 2069 1140 2148 erg‘a
1151 2064 1289 2148 parentes?

260 2155 333 2218 338,
356 2159 426 2217 Num
444 2170 470 2217 et
489 2156 592 2236 quando
614 2158 704 2240 injusti
720 2158 742 2216 si
758 2159 822 2216 vani
838 2159 993 2240 impendant
1007 2179 1119 2218 summas
1133 2158 1205 2216 datas
1216 2159 1231 2216 ”a
1244 2155 1285 2238 pa·

259 2247 399 2309 rentibus?
411 2247 484 2332 339.
500 2249 570 2307 Num
585 2249 608 2308 si
622 2263 725 2330 tempus
741 2249 770 2308 in
785 2249 882 2310 scholis
897 2250 1027 2332 perdant?
1041 2251 1157 2310 ibidem.
1171 2271 1201 2308 α.
1218 2251 1288 2309 Num

259 2342 282 2399 si
296 2341 346 2399 sibi
362 2343 529 2423 approprient
544 2339 612 2418 quod
629 2340 720 2400 lucrati
741 2356 801 2400 sunt
816 2365 845 2401 ex
860 2341 987 2402 industrii
999 2357 1025 2401 et
1035 2341 1123 2402 labore
1139 2340 1286 2424 sejunctis?

258 2427 331 2504 340.
347 2431 417 2490 Num
431 2452 483 2490 non
498 2430 588 2490 saltem
603 2432 625 2490 si
642 2431 711 2510 quod
722 2431 816 2491 lucrati
830 2447 891 2492 snnt
905 2433 1047 2492 formaliter
1060 2457 1088 2492 ex
1100 2433 1176 2492 rebus
1188 2447 1214 2491 et
1226 2432 1290 2492 sub·

258 2520 358 2582 stantib
373 2523 476 2604 patris?
493 2523 607 2581 ibidem.
626 2542 656 2580 a.
671 2521 746 2598 Quid
761 2523 791 2583 de
807 2521 978 2583 matrimoniis
993 2521 1216 2582 filiorumfamiliis
1229 2524 1288 2583 sine

258 2633 388 2674 consensu
399 2614 557 2696 parentum?
571 2611 644 2673 853.
668 2615 739 2674 Num
751 2613 910 2674 filiifamilias
923 2614 1074 2674 contrahere
1085 2611 1283 2696 possintiddb

256 2702 327 2762 Num
340 2705 448 2764 reddere
461 2718 598 2764 teneantur
612 2703 680 2783 quod
694 2719 784 2764 mutuo
795 2718 961 2785 acceperunt.
975 2703 1092 2762 ibidem.
1106 2723 1137 2762 a.

298 2794 380 2852 Ftnts
401 2794 517 2854 ultimus.
533 2795 604 2853 Num
621 2808 647 2852 et
664 2794 768 2873 quando
783 2808 916 2854 teneamur
931 2816 979 2854 nos
994 2793 1026 2852 ad
1041 2795 1125 2852 Deum
1140 2805 1287 2854 convertere

256 2886 380 2963 tanqnim
389 2884 421 2942 ad
432 2883 509 2944 finem
521 2884 658 2944 ultimum?
669 2884 738 2958 18.Ρ,
747 2885 889 2960 Quomodo
901 2884 946 2943 fiat
955 2884 1009 2944 baec
1017 2884 1170 2944 conversio?
1178 2884 1246 2941 ibid.
1254 2883 1282 2943 b.

296 2977 372 3052 Quid
387 2974 549 3058 intelligatur
563 2997 621 3036 cum
636 2975 732 3036 dicitur
746 2991 908 3058 peccatorem
920 2997 1016 3057 ponere
1027 2976 1056 3034 in
1068 2997 1095 3034 re
1108 2972 1195 3054 aliqui
1205 2972 1284 3034 finem

256 3065 396 3130 ultimum?
416 3064 485 3149 198.
1060 3091 1063 3096 ·

297 3161 410 3239 FOETus
423 3159 561 3220 humanus.
576 3159 692 3235 Quando
705 3159 854 3220 animetur?
868 3157 941 3219 3525.
958 3178 989 3219 a.

299 3252 415 3311 Fontius
426 3266 653 3312 sacramentorum
671 3251 762 3310 Vide:
777 3251 1004 3310 Sacramentum

298 3343 508 3402 Fonmauttss
524 3342 618 3401 Vide·
639 3341 824 3401 Contractus.

296 3434 444 3494 Fonntno
456 3433 569 3494 errandi
582 3431 843 3516 Quotupleni'159.

296 3525 502 3585 Fotsutcntto.
521 3524 595 3602 Quid
609 3539 635 3584 et
647 3522 735 3604 quales
751 3523 847 3584 habeat
856 3524 959 3606 gradus
964 3521 1094 3584 malitiae?
1108 3513 1182 3580 365.

295 3613 516 3675 Fornrcirros.
530 3618 571 3676 De
583 3636 634 3697 quo
644 3614 939 3698 interrogandus?365.
958 3617 1029 3675 Nirnr
1041 3617 1160 3673 teneatur
1173 3606 1284 3669 educare

238 3702 370 3788 prolem?
392 3703 464 3788 373.
489 3728 515 3767 e.
539 3707 613 3784 Quid
636 3719 755 3768 teneatur
775 3705 932 3830 restituere?
954 3707 1056 3768 Vide:
1048 3705 1228 3764 Restitutio
1246 3695 1285 3754 ab

199 3840 203 3847 -
255 3807 390 3878 stirpeam.
