2950 4680
282 261 354 362 ion
438 293 677 378 sereniano
695 293 748 346 aa·
767 287 903 346 enare
927 287 1163 343 numcenro

309 391 358 444 sol
367 391 396 440 ni
406 387 530 438 alnonis
541 383 697 448 conscientie
708 381 832 433 habentur
842 373 1028 440 alternantem
1038 375 1065 424 ia
1074 371 1203 436 sacrilegio
1212 372 1308 423 risuni

278 457 348 513 ilnrli
360 457 531 522 permitterem
546 452 725 502 contessionem
743 448 885 509 generalem
899 434 1048 506 exposceiiti
1063 456 1131 502 eam,
1143 441 1277 504 praesertlm
1288 449 1309 492 sl

278 527 371 589 enixe,
386 527 435 575 nisl
447 537 502 573 eam
520 521 633 571 nocivam
642 519 789 578 iudiearem.
799 517 830 564 Et
844 525 892 563 non
903 509 1010 584 multllm
1019 512 1140 561 timoratis
1154 509 1311 576 terisemper
1357 551 1361 558 .

278 611 334 654 eam
345 592 569 652 consulerem‚nisi
581 585 705 650 saepijam
714 599 769 635 eam
781 581 901 643 macrini,
912 597 958 632 nee
969 580 1058 633 ullium
1066 579 1140 642 *longe
1147 581 1234 630 ilistet.

232 695 235 700 ,
310 666 346 730 (t)
357 667 408 714 lion
420 663 496 712 debet
515 659 679 710 confessarius
693 652 857 704 ivuineratis
872 655 918 702 aut
935 651 1079 714 puerperis,
1097 651 1118 698 sl
1138 650 1263 711 nequeant
1279 652 1310 698 ab

278 733 449 786 assistentibus
459 729 555 788 deseri,
567 728 634 778 aliud
650 727 751 784 exigere
762 724 809 772 nisi
822 724 850 770 ut
860 722 976 770 accment
990 734 1017 768 nc
1028 721 1054 770 ln
1065 731 1155 780 genere
1163 717 1310 780 depereatis

278 803 305 854 ei
315 803 340 852 in
352 798 493 864 particulari
513 794 635 856 (lealiqui
648 793 720 854 culpi
732 792 786 840 levi*
798 805 854 839 curn
871 790 994 850 preposite
1010 785 1109 850 integre
1127 789 1273 850 cenlltenlii,
1288 788 1309 836 sl

278 868 432 918 cnrivaleani.
443 867 574 914 Putaram
585 865 732 914 sarreriae.
741 859 892 920 Suppetu'iur
900 854 964 918 qu'od
975 857 1095 912 enniassio
1103 857 1261 918 auricularis,
1270 859 1311 908 vei

270 935 440 990 inertissima,
454 933 612 994 impassibilis
622 931 663 980 sii.
676 930 724 978 Sed
735 930 867 977 tenelume
884 925 997 973 infirmus
1005 925 1147 985 publicam,
1157 924 1204 973 elsi
1217 925 1250 975 de
1262 938 1310 973 unu

277 1007 332 1055 mlo
341 1004 442 1061 veniali,
455 1001 536 1050 lucere
548 997 741 1047 contessionem?
752 995 843 1046 Saltem
851 995 898 1042 lioe
907 1005 965 1043 eum
972 1003 1022 1059 nau
1031 991 1156 1054 gravabit,
1165 989 1311 1042 cumanus·

278 1073 312 1123 rlt
321 1071 365 1134 qul
374 1070 484 1123 venialia
494 1080 544 1119 nnn
553 1067 706 1117 commiserit
715 1065 831 1115 omnibus
846 1064 915 1112 nata.
994 1085 995 1089 =

630 1217 912 1280 avesnensem
924 1219 959 1266 11.

522 1351 622 1415 Azenia
639 1362 697 1404 rum
713 1351 868 1402 ruminante
877 1350 1066 1401 sensu—ematis.

317 1495 397 1584 '73¹⁶
413 1488 625 1558 Mournnunus
646 1509 737 1556 sensu
753 1483 899 1566 urbanis,
914 1481 966 1552 vel
982 1483 1074 1554 estin
1088 1483 1306 1580 actupeecatia

278 1587 326 1658 iu
348 1601 383 1656 ut
406 1595 529 1680 tempus
550 1608 613 1652 uon
630 1580 778 1652 habuerit
801 1579 994 1680 paenitendi,
1015 1579 1067 1650 vel
1094 1594 1141 1660 est
1157 1580 1259 1652 solum
1276 1580 1328 1648 iu-

279 1697 420 1777 peccate.

320 1776 357 1846 si
372 1777 476 1872 prius,
491 1799 553 1842 uon
566 1787 669 1868 potest
680 1767 801 1840 absolvi
812 1771 877 1857 (a).

320 1872 357 1942 si
374 1871 545 1968 posterius,
559 1870 610 1961 rel
621 1868 711 1964 petiit
725 1866 960 1948 confessarium,
973 1882 1026 1936 aut
1041 1865 1102 1938 alia
1116 1865 1204 1936 dedit
1213 1869 1309 1963 poeui-

278 1969 382 2038 tentiae
396 1967 484 2058 signa
494 1991 563 2063 quae
575 1964 699 2032 adstans
712 1963 827 2031 referat
839 1989 896 2057 per
906 1961 997 2030 sevel
1011 1961 1186 2055 paralium,
1202 1980 1309 2032 ettunc

278 2079 326 2139 est
336 2062 554 2141 absolvendus,
570 2059 644 2152 quia
658 2059 747 2128 adest
764 2059 917 2126 confessio
929 2057 1085 2148 generalis
1100 2057 1265 2154 implicita.

321 2156 385 2226 Vel
399 2156 485 2224 nulia
497 2155 585 2225 dedit
603 2152 796 2262 peanitentiae
809 2151 909 2246 sigua,
921 2168 952 2222 et
969 2168 1042 2222 tunc
1057 2152 1310 2247 distinguendum

277 2251 380 2322 adhuc
397 2279 406 2320 a
423 2249 473 2318 vel
488 2249 570 2318 enim
580 2266 677 2318 vitam
691 2246 892 2316 christianam
906 2247 993 2316 duxit
1008 2249 1069 2334 (l),
1088 2247 1138 2316 nel
1151 2275 1224 2320 non.

319 2346 356 2416 Si
367 2346 463 2414 vitam
473 2344 675 2429 christianam
686 2342 787 2425 duxit,
802 2347 977 2438 presertim
988 2345 1014 2412 si
1030 2362 1103 2438 pest
1117 2345 1221 2440 lapsus
1235 2370 1309 2416 cou-

276 2441 434 2523 fitebatur,
449 2439 559 2508 saltem
573 2439 632 2506 sub
644 2437 837 2520 conditione,
852 2439 884 2506 si
896 2449 930 2506 tn
950 2462 983 2507 ns
1003 2463 1125 2525 capax,
1139 2438 1310 2508 absoluen-

277 2535 481 2619 desudetur,
495 2534 570 2628 quia
590 2535 656 2603 vita
669 2532 839 2603 christiana
853 2536 1004 2604 ramessia
1017 2536 1157 2606 viminalis
1175 2552 1239 2618 est,
1250 2563 1309 2607 uec

275 2632 357 2702 ullam
376 2631 478 2702 fidelis
499 2629 554 2724 qui
569 2629 648 2698 nolit
658 2645 735 2698 tunc
749 2631 906 2712 confiteri,
922 2647 953 2700 et
968 2629 1133 2700 sinistiaue
1147 2631 1228 2701 meri
1242 2635 1305 2720 (c);
1412 2687 1419 2696 .

275 2727 400 2796 aliunde
415 2728 503 2796 adest
518 2741 591 2794 tunc
606 2724 737 2794 materia
751 2724 861 2813 saltem
876 2725 987 2810 dubia,
1004 2743 1065 2796 etc.

314 2821 357 2890 si
370 2820 552 2890 nativitem
564 2820 766 2890 christianam
778 2848 843 2892 nen
858 2823 958 2904 duxit,
978 2827 1015 2892 eis
1026 2824 1123 2916 usque
1139 2822 1224 2915 quid
1239 2847 1307 2892 eam

251 2916 401 2986 -enminii
410 2917 571 3003 abiecerit,
587 2917 630 2986 ila
643 2933 677 2986 ut
687 2917 806 2987 nulium
817 2915 1166 3010 christianismisignum
1175 2917 1308 3012 amplius

274 3011 414 3094 deilesit,
430 3016 604 3107 praesertim
628 3011 656 3081 si
670 3011 775 3082 aiebat
792 3039 826 3082 se
848 3013 1020 3106 nequidem·
1031 3013 1064 3080 iu
1081 3029 1181 3082 morte
1199 3037 1308 3082 sacra-

273 3123 380 3177 menta
393 3123 607 3201 recepturum,
633 3133 695 3176 non
710 3123 756 3176 est
774 3107 996 3187 absolvendns;
1015 3108 1089 3202 quia
1106 3125 1180 3178 tunc
1199 3105 1308 3202 nequi-

275 3204 349 3274 dem
363 3201 458 3271 dubia
474 3203 562 3272 adest
577 3204 724 3281 materia;
741 3217 772 3272 et
789 3202 822 3272 in
842 3204 994 3274 sententia
1014 3230 1120 3273 eorum
1134 3205 1187 3298 qui
1207 3221 1307 3273 totum

273 3294 459 3368 sacramenti
471 3299 701 3368 constitutivum
711 3299 744 3366 in
754 3299 947 3370 absolutione
961 3317 1128 3398 reponunt,
1139 3301 1307 3395 nequidem

273 3390 378 3461 dubiae
394 3409 464 3463 suut
478 3394 693 3490 dispositiones
707 3395 748 3462 ad
763 3413 991 3466 sacramentum
1006 3397 1182 3468 essentiales
1198 3397 1260 3482 (d).

306 3559 343 3626 (η)
353 3561 404 3612 llisi
414 3563 501 3614 saliem
512 3565 576 3615 arisit
586 3564 702 3624 dubium,
712 3575 762 3612 uon
772 3563 841 3614 me'ra
854 3567 1018 3628 possibilitas,
1033 3566 1059 3615 et
1076 3565 1192 3616 habuerit
1207 3567 1308 3626 tempus

274 3633 411 3694 poeiiitendi
423 3635 535 3684 ei'uitam
546 3634 704 3684 christianam
721 3633 830 3683 duxerit.

305 3701 340 3764 (b)
352 3704 380 3750 lu
390 3704 466 3752 dubie
479 3706 562 3752 autem
574 3717 604 3750 an
616 3701 775 3750 moribundus
783 3703 861 3752 uitam
876 3703 1033 3752 christianam
1050 3703 1173 3763 professus
1187 3697 1219 3746 sit
1226 3731 1237 3756 ,
1247 3695 1306 3751 etun

275 3768 363 3832 nempe
379 3773 478 3822 nullum
492 3783 602 3832 superse
620 3771 696 3819 habet
706 3771 832 3831 religionis
846 3773 984 3830 indicium,
1002 3783 1049 3822 uec
1066 3771 1137 3819 iilum
1155 3773 1306 3828 cognescniii

274 3839 412 3898 amantes.
428 3850 478 3890 nnn
487 3840 563 3890 audet
579 3838 684 3889 tlillaart
694 3839 811 3890 mmnare
827 3841 870 3902 qul
885 3839 1108 3890 cummianireret.
1120 3836 1302 3890 tincturarum
