2926 4680
293 451 297 459 ³
324 451 326 458 Ι
562 375 850 435 narnrnorrr.
871 379 888 420 c
1156 361 1226 452 lod

236 463 313 537 Alia
325 466 404 558 juris
418 466 628 547 ecclesiastici,
643 482 674 535 et
687 466 826 559 aliaquae
840 469 859 533 a
872 477 1024 562 potestate
1035 461 1120 531 civili
1134 467 1227 535 statui

196 581 334 662 possunt,
353 563 462 632 saltem
477 565 580 656 quoted
592 565 719 631 effectus
727 563 835 630 civiles
849 564 911 647 (a).
996 623 998 630 ,

237 661 311 728 Alia
319 659 444 753 insuper
456 660 607 742 absoluta,
620 663 691 727 'ciam
703 662 814 754 nempe
826 657 977 725 dirimunt
990 650 1225 728 matrimonium

193 781 266 824 cum
279 757 471 848 quicumque
485 756 636 849 pereuni,
656 772 687 823 et
701 754 764 822 alia
776 753 923 836 relativa,
940 755 1012 818 ciun
1024 754 1137 845 nempe
1152 779 1225 824 cum

193 853 256 919 uni
267 849 367 917 solum
379 851 412 915 in
425 849 619 942 particulari.
938 859 941 865 '

234 945 311 1013 Alia
324 960 478 1040 perpetua¹
488 960 517 1014 et
527 943 588 1012 alia
603 942 806 1040 temporalia;
877 1001 878 1004 ,

233 1041 311 1110 Alia
318 1042 453 1136 publica
464 1056 494 1108 et
508 1041 571 1108 alia
585 1041 724 1120 occulta;

234 1138 310 1206 Alia
322 1137 531 1231 praecedentia
539 1152 569 1206 et
582 1137 644 1218 aba
654 1135 872 1230 sdrsequentIa
886 1136 1076 1207 matrimonii
1087 1137 1225 1209 celebra·
1296 1191 1300 1199 ι
1345 1112 1352 1139 ⁵
1380 1165 1386 1178 ·

192 1251 320 1302 tionem.

229 1327 405 1396 Ecclesiam
417 1325 604 1404 constituere
613 1351 707 1419 posse
719 1321 942 1424 impedimenta
951 1326 1136 1424 simpliciter
1150 1355 1224 1427 pro-

159 1475 165 1484 .
192 1420 331 1490 bibentia
347 1422 483 1495 fatentur
502 1445 621 1490 omnes.

232 1517 298 1586 Sed
313 1532 342 1584 et
357 1516 536 1585 dirimentis
550 1541 620 1611 quae
638 1541 702 1583 non
719 1515 821 1584 solbm
839 1513 873 1582 in
887 1535 1113 1588 sacramentum
1132 1518 1224 1589 indiss

190 1617 289 1690 recte,
302 1614 357 1682 sed
373 1627 403 1680 et
416 1612 449 1682 iu
463 1612 631 1706 ipsummet
649 1629 841 1681 contractum
860 1613 1036 1682 naturalem
1050 1615 1225 1685 vinculum·

190 1734 251 1802 que
268 1708 385 1776 directe
401 1708 529 1790 cadant,
545 1707 617 1803 quis
631 1707 799 1777 catholicus
814 1708 977 1800 ambigat?
996 1711 1036 1778 Si
1049 1711 1117 1802 quis
1130 1712 1223 1781 diae·

190 1804 246 1881 rit,
259 1818 318 1869 etc.
334 1801 429 1869 Trid.
446 1827 507 1870 scs.
527 1809 577 1885 24,
592 1829 663 1870 can.
680 1811 700 1883 4
716 1805 775 1888 (b).
837 1829 839 1834 ’
950 1805 954 1815 ‘
1126 1811 1129 1816 '

219 1991 258 2056 (a)
265 1992 311 2042 nte
322 1990 428 2043 multdm
439 1989 586 2043 scinduntur
593 1993 702 2054 theologi
715 1993 761 2040 tlt.
770 1993 889 2054 Thomas,
901 1993 927 2042 et
937 2003 986 2042 non
992 1995 1066 2054 pauci
1077 1995 1131 2056 post
1142 1995 1224 2056 ipsum

189 2073 239 2110 non
249 2062 446 2122 improbabiliter
452 2063 541 2110 docent
545 2062 692 2121 potestatem
701 2063 801 2108 civitem
811 2062 961 2110 constituere
969 2075 1038 2122 posse
1046 2063 1224 2123 impedimenta

189 2143 244 2190 quae
263 2132 416 2180 contractum
425 2132 577 2190 naturalem,
588 2131 631 2190 qui
648 2130 794 2178 sacramenti
806 2131 908 2177 materia
924 2133 1011 2180 saltem
1021 2130 1159 2181 necessarii>
1170 2135 1221 2196 est,

189 2199 301 2259 irritent3
313 2195 378 2247 unde
391 2195 496 2258 proinde
514 2197 699 2249 matrimonium
713 2199 810 2248 nullum
822 2199 889 2246 esset
899 2200 924 2247 et
935 2194 1015 2260 quoto
1025 2201 1207 2252 sacramentum

189 2268 215 2315 et
225 2263 306 2328 quoad
319 2269 456 2316 vinculum.

219 2337 366 2386 Benedictus
386 2335 445 2386 v‘ero
455 2337 509 2384 xtv
520 2337 548 2384 in
565 2336 739 2385 constitutione
749 2338 865 2398 staqrdmt
875 2337 901 2385 et
916 2350 973 2386 curn
990 2339 1042 2400 ipso
1059 2339 1134 2388 etiam
1149 2340 1223 2389 multi

188 2406 294 2455 credunt
302 2406 427 2467 principes
437 2418 507 2465 posse
519 2406 634 2465 equidem
645 2406 742 2454 irritare
751 2406 906 2455 matrimonia
917 2406 1054 2456 infidelium
1065 2407 1112 2456 sibi
1123 2409 1223 2467 subjee-

188 2475 285 2535 torum,
301 2475 345 2523 sed
361 2487 409 2522 non
428 2474 583 2522 matrimonia
602 2475 806 2533 christianorum,
825 2475 941 2534 additque
960 2476 1124 2524 deserendum
1138 2475 1179 2526 hic
1190 2479 1220 2527 D.

188 2543 314 2604 thomam,
321 2540 461 2605 quippequt
471 2543 597 2604 scripserit
607 2539 734 2590 anterrid.
744 2543 810 2602 quod
818 2544 927 2591 declarat
935 2557 1019 2592 causas
1029 2545 1223 2597 matrimoniales

188 2612 220 2659 ad
233 2613 329 2670 iudices
350 2613 530 2661 ecelesiasticos
546 2613 666 2671 spectare.
684 2611 799 2660 Absoluta
816 2611 872 2671 ergo
887 2611 931 2659 sua
950 2615 1070 2678 potestate
1082 2615 1108 2660 id
1119 2620 1223 2673 possunt

188 2681 327 2742 principes,
337 2682 396 2742 quia
407 2681 604 2741 matrimonium,
620 2682 648 2728 ut
664 2681 775 2728 ordinem
787 2681 872 2728 dicens
886 2682 917 2728 ad
927 2681 1018 2729 statum
1029 2683 1172 2741 politicum,
1185 2685 1222 2733 eis

188 2752 300 2810 subiacet
311 2753 376 2800 sicut
390 2752 502 2809 subjacet
517 2751 631 2800 Ecclesiae
648 2745 721 2811 proiit
736 2751 848 2799 ordinem
863 2749 947 2796 dicens
962 2751 992 2806 ad
1007 2752 1120 2799 salutem.
1137 2753 1184 2800 Sed
1194 2753 1222 2802 in

189 2821 303 2880 praesenti
318 2833 401 2868 rerum
418 2823 483 2868 statu
499 2832 547 2868 non
564 2821 678 2880 possunt,
698 2819 750 2865 sire
767 2819 839 2879 quia,
848 2813 920 2877 iuxta
933 2817 1042 2880 aliquos,
1053 2822 1222 2872 annuentibus

189 2891 232 2938 aut
241 2891 328 2939 saltem
339 2903 387 2938 non
398 2889 624 2952 contradicentibus
634 2887 804 2950 principibus,
816 2885 869 2935 sive
879 2883 1018 2948 quia,iurt*a
1028 2889 1105 2949 alios,
1116 2891 1224 2940 auctori·

188 2960 239 3008 tate
257 2959 301 3008 sui
318 2956 432 3020 supremi
448 2960 556 3006 Ecclesia
574 2959 622 3006 sibi
639 2958 684 3005 soli
700 2957 836 3005 vindicavit
846 2969 931 3003 causas
946 2956 1148 3006 matrimoniales.
1162 2959 1222 3020 Quas

189 3033 312 3078 momenta
329 3029 459 3077 momentis
474 3029 564 3088 prioris
574 3029 703 3077 sententia
713 3026 831 3074 interiora
841 3025 967 3075 ridentur.
979 3089 981 3093 ι

217 3097 343 3159 Quidquid
353 3098 399 3158 sit,
410 3098 437 3144 ni
449 3097 574 3157 principes
584 3094 650 3145 clarb
662 3096 746 3161 dicant
755 3107 781 3142 se
792 3107 837 3155 per
848 3095 1025 3154 impedimenta
1036 3104 1090 3154 quae
1101 3095 1221 3156 statuunt,

188 3168 253 3214 velle
273 3167 393 3226 attingere
413 3167 597 3214 matrimonium
614 3167 644 3213 ut
654 3164 805 3213 contractum
816 3163 969 3221 naturalem,
985 3165 1168 3222 presumuntur
1178 3162 1222 3210 illa

187 3247 237 3283 non
256 3235 363 3283 statuero
380 3235 429 3282 nisi
450 3229 530 3294 quobd
540 3235 641 3282 allectus
659 3234 760 3292 civiles,
776 3234 843 3280 sicut
857 3233 924 3278 clero
944 3231 1069 3279 Gallicano
1083 3229 1222 3280 declararit

187 3304 363 3364 nominereqis
379 3303 606 3362 custossiqillomm
624 3303 747 3362 reqiomm
763 3297 829 3349 circa
847 3300 993 3349 ilenricilll
1003 3301 1029 3348 et
1039 3299 1222 3348 Ludoriciillll

188 3372 270 3421 edicta
280 3384 354 3433 super
363 3371 470 3420 filiorum
480 3369 585 3419 familias
595 3371 768 3418 matrimoniis.

219 3440 250 3487 st
259 3435 361 3500 revera,
375 3441 437 3500 quot
446 3440 613 3488 anxietatibus
632 3451 698 3487 nunc
716 3434 841 3499 praecipui
861 3439 1045 3499 exponerentur
1060 3439 1086 3486 et
1096 3438 1181 3486 tideles
1193 3439 1221 3490 et

189 3508 336 3569 pastorestn
345 3507 437 3568 Gellii,
449 3522 474 3556 r.
485 3521 532 3570 qr,
547 3504 604 3556 crim
615 3511 665 3556 tam
676 3505 748 3556 tacite
759 3509 792 3556 sit
803 3509 939 3556 contractui
955 3508 1023 3555 civili
1038 3508 1081 3568 qui
1093 3508 1220 3556 matrimo-

188 3579 259 3625 nium
270 3589 350 3625 coram
369 3578 475 3638 parocho
494 3577 625 3636 praecedit,
643 3576 737 3637 aliquid
748 3575 833 3624 deesse
854 3576 886 3623 ad
901 3577 1057 3646 validitatem
1073 3577 1218 3639 essentiale,

188 3647 276 3696 saltem
287 3647 314 3695 is
323 3646 446 3696 sententia
456 3659 541 3694 eorum
551 3647 688 3708 qulrolunt
698 3646 837 3696 eontractm
845 3645 986 3696 celebratos
993 3647 1047 3694 sine
1057 3646 1219 3696 solemnitati·

188 3717 249 3776 bus,
261 3717 320 3776 ete,
332 3716 416 3764 irritos
427 3728 479 3764 esse
490 3713 567 3778 [tasi

220 3785 255 3848 (b)
265 3787 345 3848 Quem
355 3796 473 3835 monem
488 3785 519 3834 de
530 3785 668 3838 motione
682 3785 832 3836 matrimonii
849 3781 929 3848 quotd
947 3782 1220 3846 vinculum,tntelliqit

190 3855 532 3915 Bullaooctoremfides'l’iit'l
542 3855 735 3904 indemnatione
747 3856 865 3904 doctrina
875 3854 974 3904 eoricilii
988 3855 1143 3915 pistoiensls3
1153 3848 1217 3899 unde

188 3921 294 3986 amptlrts
303 3936 336 3974 ne
346 3924 478 3974 minimum
496 3925 579 3974 lucum
590 3925 692 3985 injicere
707 3925 786 3986 polest
800 3925 902 3974 baunod
917 3925 1039 3974 sententia
1056 3921 1162 4042 algentis
1172 3921 1218 3968 Ec·

1056 4009 1074 4044 2
1094 4027 1099 4038 .
1168 3999 1176 4048 Ι.
