2960 4684
247 333 269 403 8
370 418 373 426 y
500 334 1013 400 nrsrrrrn'o'rnsncrrro

251 483 259 490 -
287 441 359 526 419..
373 433 472 510 Plura
484 435 568 500 furta
584 431 665 499 levia
678 455 773 504 uuum
786 426 915 502 mortale
929 426 1011 518 s'aep'e
1030 422 1186 502 officiunt,
1204 420 1270 488 sire

131 595 136 604 .
180 591 189 610 .
245 529 406 609 affective,
432 554 469 596 cx
493 526 660 595 intentione
679 527 790 618 nemp'e
816 523 863 592 sic‘
892 517 1082 602 ditescendi,
1109 530 1166 586 aut.
1192 515 1269 609 quid
1300 603 1301 608 ἵ

245 623 381 693 notabile
395 621 546 704 habendi,
562 636 619 690 etc.
634 623 725 710 [198.
739 623 773 704 h]
783 653 790 698 3
800 618 872 686 ‘sive
895 615 1047 696 offectiv'c,
1065 617 1136 682 cirin
1152 611 1271 681 scilicet

245 717 405 788 moraliter
426 715 572 792 uniuntur
585 717 680 802 (ciet
700 715 826 783 tandem
848 710 1030 808 perveniunt
1046 709 1086 778 ad
1107 707 1275 794 materiam,

183 841 186 845 ·
245 813 439 906 gravern(h).¹
904 872 906 876 .
1252 887 1255 894 ¹

286 907 356 978 Nec
371 907 466 974 refert
477 905 561 998 quod
571 901 654 972 furta
666 901 747 971 levia
760 902 901 996 pluribus
916 901 991 967 fiant
1002 897 1052 967 vel
1065 897 1129 976 uni;
1145 896 1273 966 socicta-

245 1019 311 1074 tem
324 1002 406 1090 enim
431 1005 538 1076 contra
560 999 663 1076 furem
683 998 799 1076 faciunt
822 996 846 1064 ii
866 1020 999 1090 quorum
1017 997 1088 1086 jura
1099 993 1271 1080 laeduntur,

245 1087 547 1192 habentqueeumut
559 1090 680 1172 hostem
689 1093 946 1188 eommnnorn(c),
1023 1091 1024 1096 ’
1056 1093 1058 1098 ’
1097 1100 1099 1102 ’
1152 1105 1156 1112 ’

243 1257 247 1264 “
278 1245 451 1329 (tittlnlopena
464 1265 583 1324 moralem
597 1264 700 1312 delinire
714 1275 786 1312 nemo
802 1263 893 1324 polest.
907 1263 956 1311 Alii
975 1262 1084 1312 medium
1098 1263 1270 1323 annotarem
1314 1236 1316 1240 ¹

246 1337 446 1384 meusem'solum
457 1335 570 1383 sulficere
580 1334 667 1382 volunt
678 1334 706 1380 ut
715 1334 752 1380 sat
762 1332 795 1380 sit
809 1333 876 1400 inter
891 1332 956 1381 furta
966 1333 1167 1394 propinquitatiS,
1186 1329 1271 1392 gravoss

247 1417 296 1464 que
307 1405 423 1452 elllciant.
435 1404 542 1451 Intentio
551 1401 686 1451 ditescendi
698 1401 794 1449 confert
812 1397 919 1450 multum
928 1401 1086 1456 adunionem
1102 1403 1231 1482 furtorum.
1242 1403 1271 1452 ln
1361 1407 1364 1412 '

184 1525 191 1538 Ι
247 1473 322 1519 dubio
334 1468 417 1534 contra
428 1473 509 1519 furem
519 1472 685 1532 praesumitur.¹
742 1471 747 1480 “

278 1538 314 1601 (b)
326 1535 400 1587 Juxtt
411 1540 621 1600 multos,lnr‚qui
630 1550 677 1598 per
687 1538 752 1586 levia
760 1537 826 1586 turta
836 1537 937 1585 tandem
944 1538 1059 1598 pervenit
1068 1537 1098 1586 ad
1108 1538 1271 1600 quantitatem

246 1619 362 1668 mrem,
373 1608 510 1658 mortaliter
519 1609 607 1668 peccat
620 1604 700 1655 denuo
712 1620 758 1668 per
767 1607 896 1666 quodlibet
906 1607 1000 1654 lurtum
1014 1607 1084 1666 lere,
1095 1609 1208 1668 quamvis
1222 1620 1272 1655 nou

248 1677 324 1737 possit
334 1678 392 1724 actu
402 1678 548 1736 restituere,
558 1677 579 1724 si
590 1678 699 1734 materiae
709 1677 840 1736 praeteritae
848 1676 974 1723 moraliter
984 1677 1101 1723 uniantur
1110 1677 1136 1724 et
1146 1677 1210 1724 adsit
1220 1675 1272 1724 sul-

248 1745 333 1800 liciens
342 1745 495 1798 advertentis
506 1745 537 1804 ad
547 1745 612 1792 turta
621 1745 795 1805 praecedentia,
806 1744 864 1803 quia
875 1744 980 1792 retentio
986 1745 1023 1791 est
1034 1745 1175 1792 continuata
1185 1756 1272 1804 accep·

249 1813 293 1860 tio.
306 1815 546 1862 ¹tlii'rolnnt-nouanr
555 1814 650 1874 requiri
660 1813 782 1860 furtorum
792 1813 885 1860 leuium
897 1813 1092 1870 congestionem,
1103 1811 1124 1858 si
1134 1811 1211 1860 luerit
1221 1823 1273 1857 nro·

147 1883 149 1886 '
203 1937 204 1940 ¹
249 1881 307 1938 ralis
318 1883 474 1942 interruptio.
492 1879 563 1934 certe
573 1883 658 1942 peccat
670 1883 808 1938 mortaliter
821 1877 901 1928 denuo
916 1892 960 1941 por
977 1881 1092 1936 allectum
1108 1893 1181 1940 quem
1196 1879 1272 1941 nabet

248 1960 369 2008 summam
378 1963 477 2010 gravem
488 1951 625 2010 retinendi,
636 1951 657 1997 si
668 1945 766 1998 habeat
782 1951 808 1997 Si
822 1951 906 1998 autem
916 1949 1008 1995 nedum
1023 1948 1113 1996 halreat
1125 1949 1191 1996 hunc
1200 1949 1273 1996 allec·

248 2023 311 2078 tum,
326 2020 445 2078 poeniteat
456 2032 514 2067 eum
527 2020 647 2067 furtorum
662 2020 870 2080 praecedentium,
879 2017 947 2079 quod
963 2017 1042 2065 forsan
1053 2013 1154 2066 difficile
1169 2017 1272 2078 supponi

249 2087 344 2148 potest,
356 2089 436 2148 sitqm
454 2089 585 2150 dispositus
597 2101 626 2158 ea
635 2089 782 2148 restituere,
804 2087 895 2136 durum
905 2087 1005 2150 ridetur
1015 2085 1081 2148 quot
1101 2099 1147 2149 per
1154 2088 1212 2136 lere
1222 2086 1273 2152 iur—
1333 2085 1334 2088 ’

249 2152 404 2270 iiffiite'im
415 2159 571 2212 commissum
581 2157 634 2206 sine
646 2158 782 2216 intentione
794 2151 859 2206 ultra
875 2157 1066 2230 progrediendi,
1080 2156 1167 2218 peccet
1182 2155 1274 2246 morta·

257 2237 270 2278 '¹
281 2256 319 2351 (c).
326 2291 438 2342 Attamen
446 2290 666 2354 quaudopluribus
675 2293 746 2352 tituil,
758 2292 830 2340 multi
841 2291 1039 2351 paulomajorcm
1048 2289 1221 2352 quantitatem,
1228 2291 1272 2340 alli

251 2358 354 2417 duplum
364 2361 495 2420 requirunt
510 2362 541 2408 acl
551 2362 679 2423 peccatum
693 2362 805 2408 mortale.
820 2360 856 2406 De
870 2361 915 2415 lroc
928 2359 1086 2423 judicandum
1097 2373 1130 2407 ex
1140 2359 1274 2422 majoribus
1371 2417 1374 2426 Ι

251 2427 292 2480 rel
303 2428 439 2476 minoribus
454 2429 519 2478 inter
529 2431 601 2478 turta
612 2430 748 2476 intervallis
757 2461 765 2487 ,
775 2427 801 2476 et
819 2441 851 2476 ex
860 2429 947 2485 majori
963 2427 1003 2476 vol
1014 2428 1103 2474 raineri
1114 2427 1274 2475 multitudine

160 2550 161 2554 ,
252 2508 337 2550 eorum
347 2498 437 2557 quibus
450 2499 520 2547 fiunt.
531 2500 601 2546 tlulti
620 2493 701 2548 minius
712 2493 784 2558 quarn
798 2501 864 2545 un'us
873 2499 1004 2545 censentur
1015 2497 1096 2555 inviti,
1108 2495 1244 2556 praesertim
1252 2491 1273 2543 si

251 2563 301 2612 sint
317 2565 470 2615 diuersarum
485 2569 631 2635 reqionum,
649 2566 696 2615 nec
715 2567 767 2614 ullo
787 2566 911 2624 societatis
929 2565 1042 2627 specialis
1057 2564 1158 2614 uinculo
1174 2564 1275 2629 conjuu·

251 2632 359 2749 iiiiii:
370 2701 438 2750 idem
446 2713 502 2750 cum
511 2701 668 2763 proportione
679 2700 810 2750 dicendum
822 2701 852 2749 cle
864 2700 936 2750 iurtis
946 2701 1043 2750 levibus
1053 2701 1097 2748 uni
1107 2713 1216 2762 personae
1221 2713 1276 2750 suo·

252 2767 344 2819 cessivt
353 2771 423 2820 iactis
432 2785 477 2832 per
488 2772 633 2829 intervalla,
643 2772 669 2819 et
679 2769 708 2818 eo
718 2771 796 2828 maior
802 2772 926 2832 quantitas
937 2772 968 2817 ad
976 2772 1078 2818 mortale
1089 2772 1184 2832 requiri
1197 2772 1269 2820 ride-

252 2839 293 2890 tur
302 2835 350 2901 quo
359 2840 451 2900 maiora
461 2841 519 2889 sunt
533 2840 673 2896 intervalla.
684 2837 759 2900 Sociis
769 2841 790 2890 si
801 2841 870 2901 quasi
882 2839 999 2888 continuo
1010 2841 1075 2888 lurta
1085 2841 1154 2890 aaut.

719 2945 826 2960 -n-u

295 2991 469 3074 <caocCi1m
481 2989 587 3087 piures
600 2991 758 3061 communi
772 2991 997 3087 conspiratione
1016 3019 1142 3086 gravem
1157 2996 1211 3062 uni
1226 2995 1277 3071 vol

252 3088 393 3182 pluribus
406 3088 556 3192 perlevia
565 3089 653 3156 ¹furta
669 3089 870 3182 quantitatem
890 3090 1082 3184 subripiunt,
1097 3090 1141 3158 itt
1154 3090 1277 3183 utquid
1299 3173 1302 3176 ἱ

253 3183 322 3253 levo
335 3183 435 3254 solium
451 3183 564 3275 singuli
576 3184 747 3279 accipiant,
762 3176 888 3276 peccant
899 3185 1011 3275 singuli
1025 3184 1133 3255 leviter
1150 3201 1281 3282 peccato
1305 3265 1310 3272 ,
1357 3216 1364 3221 ’

252 3280 346 3364 furti,
362 3297 393 3348 ot
405 3281 574 3350 mortalitor
585 3285 709 3375 peccato
720 3281 986 3352 damnificationis.
1012 3285 1017 3296 “
1209 3303 1210 3308 ’

277 3373 333 3442 'si
347 3389 448 3441 eutem
471 3377 588 3468 absque
613 3379 767 3456 communi
790 3377 1030 3472 conspiratione,
1055 3379 1100 3448 itt
1122 3395 1156 3448 ut
1176 3378 1279 3448 nuilus

255 3469 362 3544 influat
375 3467 409 3534 in
424 3469 508 3534 furta
525 3470 655 3544 aliorum
664 3475 729 3558 (a),
750 3473 851 3548 nullus
865 3490 973 3569 peccat
994 3467 1185 3556 mortalitor,
1205 3475 1279 3541 licit

256 3563 333 3630 sciat
351 3563 607 3652 damnum-gravo
626 3579 677 3628 aut
690 3568 756 3654 jam
774 3569 910 3652 illatum,
932 3584 983 3637 aut
1002 3567 1211 3649 actuinfcrri,
1226 3581 1279 3634 ant

255 3659 365 3751 postea
377 3655 572 3726 inferendum
585 3656 721 3746 domino.

243 3785 248 3793 ·
299 3751 458 3820 Sententia
466 3751 619 3820 contraria
634 3752 790 3845 antiquata
801 3772 847 3824 est
861 3772 890 3827 et
903 3755 1015 3828 merito
1026 3807 1034 3838 ,
1047 3751 1181 3847 cognitio
1196 3752 1279 3830 enlm

258 3845 324 3922 itoes
338 3871 399 3916 uon
414 3863 457 3915 ost
471 3847 616 3923 damnosa
629 3848 763 3920 domino.
1084 3869 1087 3876 ’
