2960 4684
224 343 273 418 68
481 341 535 418 no
555 365 741 421 snrrrmo
762 363 1015 460 semenare,

496 519 499 524 ’
591 523 695 572 linum
709 520 880 572 bisetilnul.

253 667 349 716 Primus
360 666 486 714 a-Aiiectus
492 664 626 726 peculiaris
631 665 766 714 venditoris
776 679 782 712 ε
795 665 815 729 si
825 667 850 714 in
861 679 886 714 se
897 661 998 726 praecisd
1008 666 1184 726 consideretur,
1195 667 1251 717 nul·

223 732 295 794 idque
307 734 422 798 fundatus
437 734 470 780 sit
480 732 668 793 conveniendi,
679 735 762 794 plures
777 737 864 783 volunt
881 745 930 782 non
942 748 994 784 esse
1006 737 1121 797 titulum,
1133 740 1250 798 quianon

221 804 295 861 auget
311 804 419 852 valorem
430 803 476 850 rei.
488 802 513 849 Si
525 803 608 850 tumen
619 803 720 852 atiectus
739 801 771 852 sit
787 805 930 863 rationalis,
942 807 1009 866 qula,
1025 819 1053 863 v.
1066 820 1100 865 g„
1112 820 1151 855 res
1161 811 1250 856 estno-

221 871 290 930 tiqua
309 871 335 917 in
349 867 456 928 iamilid,
477 870 686 920 etuoudensuon
704 871 885 932 numerosior,
905 876 1083 934 monenturque
1106 881 1201 936 emptor
1220 881 1250 930 de

221 949 325 984 excessu
335 939 431 998 pretii,¹
440 939 460 985 si
471 951 559 988 verum
576 940 685 997 pretium
702 939 810 998 ignoret,
822 943 895 1001 auget
906 945 1026 1002 pretium,
1039 944 1154 1002 inquiunt
1164 948 1250 1000 Tlreol.

120 1011 126 1024 ·
220 1005 292 1065 Pict,
303 1007 332 1053 l’a
348 1007 409 1058 Gab.
427 1008 493 1065 Ant,
507 1007 625 1064 Thomas,
637 1007 727 1066 tollet,
740 1010 828 1070 Bailly.
842 1012 912 1058 Ratio
924 1023 1008 1058 eorum
1020 1015 1057 1058 est
1067 1011 1131 1071 quid
1142 1018 1251 1070 vendens

220 1075 303 1135 privet
313 1087 339 1122 se
350 1077 476 1122 commodo
494 1077 521 1125 et
535 1076 698 1126 delectatione
708 1091 763 1139 quse
774 1079 800 1126 in
810 1081 934 1130 communi
950 1081 1077 1134 bominum
1087 1087 1251 1140 estimatione

221 1143 280 1202 esuri
292 1144 373 1203 pretio
388 1143 472 1202 digua.

250 1213 369 1272 Equidem
382 1213 426 1259 lroc
438 1213 645 1262 delectamentum
654 1225 703 1260 non
715 1216 752 1261 est
764 1227 820 1261 oum
835 1212 953 1274 pecuniis,
971 1214 1043 1274 juxta
1063 1220 1167 1280 multos,
1184 1234 1250 1273 cem·

209 1279 396 1328 mensurabile.
408 1271 455 1328 S'ed
467 1281 566 1328 videtur
577 1282 608 1328 ob
619 1282 796 1331 sententiarum
812 1283 979 1331 diversitatem
996 1285 1026 1331 de
1041 1297 1071 1334 co
1080 1285 1148 1344 iuste
1157 1294 1248 1350 pacisci
1314 1329 1318 1336 .

220 1357 290 1408 posse
299 1349 399 1408 aliquali
408 1350 496 1396 saltem
507 1351 596 1409 pretio,
611 1351 725 1409 Alioquin
736 1365 774 1398 res
785 1364 833 1404 uon
851 1354 887 1400 est
897 1353 1033 1402 vendenda.

250 1415 376 1464 Secundus
387 1428 395 1466 r
407 1418 521 1471 lielentio
529 1417 654 1466 iructuum
663 1417 895 1479 implicita,quaudb
907 1422 999 1468 credito
1011 1424 1127 1472 venditur
1137 1439 1175 1475 res
1195 1433 1248 1480 sive

219 1483 366 1532 naturaliter
376 1487 432 1538 sive
449 1486 558 1534 civiliter
575 1485 746 1548 frugifera,ut
761 1489 864 1548 tourins,
876 1489 970 1536 domus.
987 1492 1033 1549 Qui
1052 1495 1138 1543 nolunt
1154 1503 1249 1561 percipi

219 1553 279 1600 inne
290 1567 361 1613 posse
371 1555 504 1616 interesse,
516 1550 602 1602 dicunt
610 1557 706 1604 tructus
720 1559 844 1616 pertinere
854 1559 884 1606 ad
895 1559 1034 1619 dominum,
1046 1573 1074 1608 nc
1085 1564 1187 1622 proinde
1200 1583 1248 1620 noo

220 1634 290 1681 posse
299 1623 415 1682 retineri,
425 1635 471 1671 nee
483 1625 535 1672 loeo
554 1637 639 1672 corum
650 1626 767 1674 interesse
778 1627 887 1694 percipi,
903 1622 960 1677 edm
973 1641 1019 1688 per
1032 1631 1200 1689 venditionem
1210 1651 1250 1692 res

219 1690 328 1748 transeat
338 1691 363 1737 in
375 1692 511 1752 dominium
529 1694 653 1752 emptoris.
1068 1717 1070 1722 a

251 1757 299 1804 Sed
314 1760 436 1806 sententia
455 1761 574 1807 ‘contraria
594 1755 745 1820 probabilior
761 1763 860 1810 videtur
870 1766 898 1812 et
909 1767 1074 1828 communior,
1083 1769 1142 1830 quin
1153 1769 1210 1823 edm
1220 1789 1248 1825 re

221 1828 317 1884 emptor
327 1826 435 1888 truatur,
445 1829 611 1888 aequissimum
621 1830 658 1876 est
669 1843 726 1880 cum
736 1845 823 1897 usuras
835 1835 908 1892 pretii
921 1836 1037 1893 pendere.

250 1894 280 1942 Et
290 1906 392 1955 revera,
409 1897 470 1956 quid
488 1897 573 1954 injusti
584 1894 649 1956 qudd
666 1900 775 1952 vendens
795 1902 842 1954 sibi
863 1903 956 1951 tructus
970 1907 1094 1968 reservet,
1106 1907 1163 1960 erim
1174 1911 1248 1964 sinti

220 1961 296 2009 tundo
308 1965 470 2023 separabiles,
482 1967 507 2013 et
518 1965 548 2012 de
561 1966 623 2014 iacto
638 1971 800 2030 separentur,
820 1967 876 2018 edm
893 1977 933 2019 res
948 1973 1070 2022 alienatur
1084 1979 1180 2029 retento
1191 1995 1249 2031 usu-

219 2030 317 2078 iructut
325 2033 409 2080 Nonne
418 2029 431 2080 d
441 2029 523 2082 contri
534 2047 633 2096 aequum
644 2039 681 2084 est
692 2035 722 2087 ut
729 2052 813 2089 emens
823 2052 871 2089 non
880 2040 975 2089 truatur
984 2047 1021 2094 est
1029 2056 1057 2093 re
1066 2047 1092 2092 et
1100 2051 1193 2106 pre-slot
1201 2054 1250 2102 illi·

215 2099 349 2159 ,terposset
359 2100 399 2158 vit
408 2101 471 2160 iric,
489 2103 509 2150 si
521 2105 682 2164 lorinusesset
702 2109 831 2167 solutionis
843 2112 974 2170 tenninus,
990 2126 1034 2172 per
1051 2115 1144 2164 tructus
1154 2122 1249 2170 solvere

219 2168 337 2225 pretium.
351 2170 465 2216 Attamen
475 2170 496 2216 si
506 2203 514 2228 ,
526 2175 554 2218 ut
563 2173 677 2232 forsitan,
689 2173 806 2224 iuteresse
816 2180 940 2226 dilationis
949 2183 1089 2242 solutionis,
1101 2197 1144 2232 seu
1156 2188 1250 2238 tructus

219 2236 314 2292 reliam
327 2237 352 2281 ln
370 2249 473 2283 excessu
487 2240 562 2296 pretii
581 2241 674 2288 tuerint
688 2246 873 2304 comprehensi,
884 2247 979 2305 percipi
991 2246 1097 2307 emplids
1111 2260 1248 2312 nequeunt.

219 2302 282 2348 vido
291 2302 337 2350 art.
350 2301 409 2347 loon
420 2303 476 2349 cod.
489 2304 558 2357 civil.
977 2322 981 2333 ⁴

250 2369 297 2416 Sed
306 2367 402 2428 quandb
414 2381 453 2415 res
464 2370 580 2429 iruuiieru
589 2373 705 2420 venditur
715 2373 808 2422 ereditb
819 2373 876 2424 'cum
885 2377 1002 2426 iuteresse
1014 2379 1078 2440 idol,
1089 2381 1124 2446 c],
1135 2385 1181 2434 iroe
1192 2400 1248 2448 pre-

218 2437 252 2486 tii.
261 2439 357 2496 partein
375 2437 474 2484 citicere
486 2442 566 2497 potest
581 2447 626 2500 per
643 2441 746 2491 modum*
755 2443 842 2500 unius„
854 2439 889 2491 itd
900 2447 928 2492 ut
942 2442 990 2505 qud
1001 2451 1080 2507 majus
1091 2455 1155 2502 esset
1172 2457 1248 2507 intor-

219 2519 288 2566 esse,
307 2507 388 2562 suiuus
409 2509 461 2553 esse
477 2507 566 2556 debeat
582 2511 691 2569 pretium
712 2511 861 2572 principale,
877 2514 902 2560 et
919 2525 1017 2574 semper
1029 2531 1163 2570 remanere
1183 2525 1248 2576 inter

219 2574 313 2625 limites
327 2575 400 2636 pretii
414 2574 485 2634 insti.
690 2628 696 2633 .
1256 2623 1258 2626 ·

249 2640 300 2692 lond
309 2657 357 2692 non
368 2645 509 2704 desuntqui
526 2641 609 2694 contri
622 2647 681 2694 alios
693 2648 840 2696 contendent
850 2651 1004 2714 venditorem
1017 2657 1060 2715 qui
1070 2670 1119 2706 uon
1128 2663 1251 2712 vendidea

218 2709 372 2772 retereditd,
391 2725 461 2771 posse
476 2714 568 2761 tructus
582 2716 617 2762 rei
633 2716 750 2776 retinere,
762 2717 838 2766 donec
852 2720 1147 2786 solvaturpretiumfflffl
1159 2745 1188 2779 eo
1199 2746 1248 2783 nou

219 2779 334 2839 indigeat·
342 2793 388 2828 nec
399 2780 494 2846 utiliter
505 2783 568 2830 illud
585 2781 666 2832 statim
684 2785 827 2844 impendere
840 2789 966 2850 intendat,
978 2793 1036 2852 quia
1055 2809 1108 2845 rem
1118 2812 1187 2849 suern
1197 2803 1248 2852 tra-

219 2841 278 2898 dere
287 2861 336 2895 nou
347 2850 446 2897 tenetur
461 2851 509 2898 nisi
520 2853 628 2901 solvatur
643 2856 760 2914 pretium.
1041 2902 1043 2907 .

249 2910 336 2962 Uirium
347 2918 430 2965 autem
440 2918 465 2964 in
476 2919 515 2967 his
525 2922 621 2970 casibus
630 2925 725 2983 percipi
737 2925 813 2984 possit
828 2927 946 2977 interesse
956 2931 1048 2991 legule3
1060 2945 1090 2982 an
1101 2935 1160 2984 verb
1168 2939 1247 2988 solium

219 2982 419 3044 interessequoo
428 2991 618 3047 correspondeat
631 2991 751 3040 tractibus
766 2995 818 3052 rei,
830 2997 915 3056 eisque
929 2999 1088 3061 acquirendi,
1100 3017 1148 3051 non
1159 3019 1247 3054 conve·

219 3047 363 3100 aiuntsnno
374 3065 406 3100 ex
417 3053 594 3110 affirmantibus
607 3072 676 3120 posse
697 3063 792 3122 percipi
804 3063 896 3122 legale,
908 3068 964 3112 suut
973 3067 1016 3125 qui
1025 3069 1117 3118 addunt
1128 3085 1135 3118 a
1148 3073 1245 3122 etiarnsi

220 3114 314 3166 tructus
324 3122 405 3169 nullos
416 3121 479 3171 ierat
488 3137 528 3172 ros
536 3129 651 3188 vendita,
661 3129 733 3188 quia,
746 3143 769 3178 v.
780 3144 813 3190 g,
825 3145 883 3191 ager
893 3134 1007 3182 venditus
1017 3141 1100 3185 nrenet
1111 3142 1136 3188 et
1145 3153 1246 3190 manere

220 3183 294 3236 debet
305 3189 413 3238 incultus
423 3191 444 3239 si
458 3205 507 3240 non
518 3196 653 3256 vendatur,
665 3197 750 3244 domus
761 3211 809 3246 non
820 3201 911 3259 locata,
922 3205 971 3250 cic.

241 3256 277 3304 ln
286 3259 415 3320 principiis
424 3257 512 3310 nrcliirs
522 3265 621 3312 tundata
629 3267 729 3315 videtur
744 3271 865 3318 seritoniia
879 3270 1002 3319 affirmans
1014 3277 1109 3337 percipi
1119 3290 1166 3326 non
1175 3291 1247 3340 posse

220 3324 268 3380 uisi
279 3326 397 3376 interesse
409 3329 530 3380 fructibus
541 3335 699 3394 aequivaleus.
717 3337 869 3385 Sententiam
880 3341 962 3387 tannen
978 3346 1247 3397 contrariamcommn-

220 3393 316 3442 morsm
333 3397 395 3446 dicit
409 3399 440 3447 D.
462 3402 581 3462 ltour'ier,
596 3405 621 3452 et
639 3407 806 3466 amplectitur.
825 3408 993 3456 Controversia
1011 3412 1079 3461 finita
1093 3417 1205 3478 videtin,
1225 3421 1246 3466 si

221 3466 316 3510 summu
328 3465 471 3525 principalis
480 3469 505 3516 et
513 3469 632 3519 interesse
640 3483 719 3520 unum
729 3475 878 3524 constituunt
891 3478 1040 3530 veridiiionis
1050 3486 1181 3546 emptionis
1191 3500 1247 3546 pre

221 3529 434 3592 iium‚i1uoduon
451 3535 505 3587 siue
516 3538 674 3592 iuudamento
684 3555 896 3604 verumapparere
912 3549 1001 3607 potest.
