2974 4678
300 393 370 486 74?
551 413 1068 490 urserat-moramcrrao

295 494 363 570 irat
372 501 412 570 de
421 501 625 594 de'confiturr,
640 501 683 572 itd
693 517 727 570 ut
737 501 895 571 immineat
904 503 1059 573 venditori
1069 506 1160 600 pretii
1171 498 1320 599 perdendi

291 595 481 690 periculum-3
500 595 560 664 nisi
574 611 677 664 tamen
687 613 807 692 emptor
822 598 995 668 cautionem
1008 601 1062 670 det
1071 602 1193 688 (1613).

335 691 421 760 Nota
441 691 555 760 iterdm
570 715 636 759 rem
650 693 835 762 tradendam
853 719 920 763 esse
943 693 978 764 in
991 709 1073 765 statu
1085 695 1119 764 in
1141 721 1203 788 quo
1217 708 1263 764 cst
1284 693 1318 764 in

292 803 448 858 momento
462 812 524 880 quo
538 789 681 856 venditur
696 821 704 866 ς
1064 873 1067 879 r

332 881 377 951 Et
388 883 428 950 ab
441 881 500 950 hac
514 881 565 952 dic
575 879 695 951 fructus
708 882 863 978 pertinere
877 883 918 954 ad
933 899 1104 980 emptorem
1115 885 1237 975 (1614).

745 1017 861 1036 δὴ

332 1092 406 1170 482.
433 1085 691 1179 obligatiorem
714 1087 859 1159 tradendi
883 1103 1053 1183 emptorem
1076 1088 1315 1184 proprietarium
1360 1087 1363 1092 ’

288 1181 380 1272 facit,
401 1181 492 1271 itaut
506 1207 558 1264 res
573 1185 638 1273 ejus
651 1183 796 1277 periculis
810 1184 986 1251 maneatab
1008 1183 1132 1252 instanti
1155 1209 1216 1276 quo
1230 1186 1315 1254 tradi

202 1339 205 1344 .
290 1277 415 1360 debuit,
428 1277 492 1366 netsi
506 1303 568 1348 non
580 1277 673 1346 fuerit
688 1277 821 1360 tradita,
835 1278 895 1346 nisi
908 1279 1051 1348 venditor
1064 1279 1151 1364 sitin
1164 1281 1263 1362 mord,
1279 1280 1317 1350 iri

289 1397 355 1467 quo
367 1399 440 1440 casu
453 1371 600 1466 periculis
616 1375 681 1462 ejus
696 1389 801 1442 manet
811 1375 842 1458 (r
850 1376 935 1459 138).
1241 1433 1243 1437 ,

329 1467 367 1537 In
379 1470 583 1536 mordentem
601 1466 795 1536 constituitur
808 1468 967 1550 venditor,
983 1465 1050 1538 sive
1061 1493 1118 1564 per
1131 1468 1310 1562 petitionem

286 1563 469 1654 juridicam,
495 1577 547 1630 aut
561 1577 663 1631 actum
677 1562 773 1644 alium
788 1561 1049 1655 ,aeqrrivalentemr
1069 1563 1134 1632 sivo
1155 1585 1192 1632 ex
1204 1577 1310 1633 tenore

286 1658 512 1740 conventionis,
526 1660 599 1724 com
608 1654 670 1726 fert
681 1657 764 1748 qudd
773 1657 891 1749 absque
901 1655 966 1724 ullo
977 1672 1062 1740 actu,
1078 1659 1133 1726 scd
1142 1685 1199 1754 per
1209 1660 1309 1730 solum

284 1754 409 1822 termini
424 1753 607 1828 adventum,
623 1751 764 1819 venditor
779 1752 838 1820 erit
851 1752 883 1817 in
899 1755 987 1820 mord
997 1755 1119 1840 (1138).

326 1849 413 1917 Vide
426 1863 500 1916 sect.
520 1873 555 1929 a,
570 1851 632 1914 det
647 1852 772 1940 d,‘cap,
797 1853 835 1928 3,
860 1846 908 1915 tit.
928 1853 967 1929 3,
982 1845 1038 1917 lib.
1057 1849 1160 1920 3cod.
1180 1849 1240 1918 eiu.
1266 1849 1308 1918 de

284 1943 445 2016 effectibus
459 1956 667 2009 contractuum
678 1941 710 2010 in
725 1968 850 2034 genere.
969 2020 973 2024 ἢ

324 2037 411 2109 Nota
428 2045 458 2104 1⁰
476 2068 483 2106 r
499 2037 583 2126 Res,
599 2062 661 2105 non
674 2038 833 2107 aversione
844 2038 974 2122 (nonen
988 2037 1086 2124 blec),
1101 2039 1156 2107 sod
1170 2038 1211 2109 ad
1223 2063 1308 2108 men·

282 2157 408 2214 suram,
426 2159 607 2215 numerum,
633 2135 753 2226 pondos
768 2133 910 2215 vendita,
927 2148 1064 2204 remanet
1079 2133 1215 2227 periculo
1228 2160 1307 2204 ven>-

282 2228 392 2294 ditoris
404 2227 513 2308 (1585)
535 2233 632 2318 usqu'c
647 2229 721 2293 dum
734 2243 911 2308 numerata,
937 2229 1107 2318 ponderata
1120 2243 1172 2293 aut
1184 2253 1306 2296 mensu·

280 2336 348 2389 rata
359 2319 409 2386 sit.
428 2319 493 2384 Sed
504 2336 624 2412 emptor
636 2318 682 2385 rei
696 2320 892 2385 traditionem
906 2335 958 2384 aut
968 2319 1304 2404 indemnitatem(dom-

279 2413 545 2502 magas-interdu)
558 2413 681 2503 exigere
692 2427 809 2504 potest,
824 2413 851 2478 si
865 2411 949 2478 locus
962 2412 1022 2495 sit,
1038 2437 1111 2480 casu
1125 2439 1186 2508 quo
1197 2439 1303 2486 execu-

279 2507 357 2577 tioni
371 2504 520 2596 obligatio
540 2533 602 2572 non
617 2507 825 2572 mandaretur.
1064 2499 1070 2508 ’

322 2603 359 2670 Si
377 2601 574 2670 constitutum
588 2600 683 2667 fuerit
697 2615 817 2692 tempus
833 2613 863 2667 et
884 2598 1032 2668 terminus
1053 2597 1086 2666 in
1101 2624 1161 2692 quo
1174 2624 1223 2669 res
1234 2619 1301 2670 erat

277 2696 498 2777 mensuranda,
514 2685 729 2788 ponderanda,
756 2709 838 2777 etc.,
857 2710 887 2762 et
900 2709 1019 2789 emptor
1033 2694 1128 2762 fuerit
1146 2694 1179 2760 in
1192 2699 1299 2782 mord,

277 2792 447 2888 periculum
461 2816 517 2883 pro
531 2792 598 2884 ipso
613 2807 672 2871 est,
697 2790 774 2857 sicut
787 2789 835 2871 si,
859 2789 945 2857 nullo
958 2806 1070 2858 statuto
1087 2807 1226 2885 tempore
1236 2809 1299 2888 p'ro
1360 2808 1365 2815 “

276 2885 324 2954 rei
338 2884 520 2966 traditione,
536 2885 715 2952 constitutus
728 2884 822 2951 suerit
836 2884 868 2950 in
882 2887 970 2952 mord
983 2885 1077 2953 modo
1089 2887 1233 2976 juridico.

261 2991 266 2996 '
319 2977 354 3045 si
369 2981 497 3070 uterque
511 2977 551 3044 sit
564 2977 598 3044 in
610 2981 719 3060 mord,
744 2978 799 3045 sed
813 3003 889 3045 unus
907 2995 976 3072 post
989 2978 1102 3060 alium,
1128 2981 1298 3074 periculum

273 3099 333 3236 pro
349 3097 384 3140 oo
399 3089 445 3138 est
456 3072 509 3164 qui
520 3072 673 3166 posterior
684 3087 730 3140 est
743 3072 777 3138 in
787 3076 890 3156 mord,
904 3073 964 3141 nisi
979 3099 1068 3142 mora
1080 3075 1194 3170 prioris
1205 3104 1296 3152 causa

287 3167 470 3236 'ueritmorae
483 3166 673 3261 posterioris.
1142 3227 1145 3236 ,

316 3263 352 3330 Si
366 3267 439 3332 voro
453 3278 580 3354 uterque
591 3261 697 3343 simul,
713 3262 859 3330 damnum
867 3263 900 3330 in
908 3263 1007 3335 solum
1018 3269 1292 3360 emptoremcadit.
1307 3275 1311 3289 ”

272 3357 305 3424 Α
319 3357 440 3424 fortiori
460 3358 486 3425 si
500 3359 633 3426 noluerit
646 3384 712 3426 rem
726 3358 866 3452 accipere
993 3381 996 3384 ·

287 3455 290 3487 ⁷
313 3451 400 3518 Nota
413 3459 445 3516 2⁰
456 3482 464 3518 r
477 3452 513 3518 In
527 3455 610 3519 omni
626 3479 697 3522 casu
711 3455 852 3522 venditor
866 3449 1005 3523 damnari
1022 3456 1112 3525 dehet
1126 3458 1166 3525 ad
1180 3459 1292 3530 damna

270 3558 303 3614 et
316 3544 481 3626 interesse,
507 3546 534 3612 si
548 3563 668 3638 emptor
692 3551 913 3642 praejudicium.
922 3551 1036 3644 patitur
1050 3551 1090 3618 ol)
1103 3573 1165 3617 non
1177 3540 1291 3621 factam

205 3665 207 3668 ·
268 3653 409 3731 tempore
421 3653 533 3707 statuto
547 3641 743 3710 traditionem
756 3647 864 3728 (1611)
878 3647 997 3733 (1139).

309 3731 397 3824 Ergd
407 3733 447 3802 ad
458 3739 737 3831 compensationem
746 3739 912 3820 fructuum,
924 3761 1001 3828 quos
1011 3734 1196 3830 percepisset
1207 3760 1289 3829 emp·

267 3841 317 3895 tor
327 3879 335 3910 ‚
344 3844 470 3992 telnctur
485 3833 626 3903 venditor
638 3837 708 3903 ante
717 3833 899 3905 sententiam
912 3831 1038 3922 judicisr
1054 3829 1127 3928 quia
1136 3827 1197 3901 hoc
1210 3830 1287 3926 jurio

266 3925 478 3998 naturaisest.
