2926 4680
582 287 911 347 ununrmon11.··
949 296 953 300 ·
1171 273 1241 370 387

217 397 355 492 ramento
368 379 606 475 firmata,quia
622 378 833 472 jurameutum
851 393 897 452 est
914 377 1128 474 promissionis
1144 403 1245 494 ereces-¹

164 524 170 542 ·
216 503 345 548 sonum.
682 497 684 500 ·

244 679 282 744 (a)
293 646 423 731 uenient
431 679 597 730 Bisun'tinum.
608 672 740 729 dimuuus
750 677 880 740 renititur,
896 673 961 738 snp'd
972 676 1102 728 dubitandi
1117 638 1191 729 loius'
1205 681 1245 732 ot

214 764 246 800 an
256 763 330 800 eausa
339 750 467 798 resiliendi
479 751 569 798 existat
583 751 626 800 aut
641 749 767 798 sufficiens
786 749 827 796 sit.
844 749 965 809 Equidem
975 748 1047 796 testis
1062 750 1139 799 etiam
1153 751 1244 800 unicus

214 821 258 868 aut
272 819 336 866 tama
350 820 450 878 publiea
466 817 557 866 suffieit
574 814 615 866 hle
630 817 661 866 ad
674 817 851 866 certitudinem
867 817 926 865 faeti
940 817 968 863 in
982 829 1030 877 quo
1047 818 1085 865 est
1094 827 1167 866 seusa
1179 819 1243 868 resi·

214 888 306 947 lieudi;
321 888 365 936 sed
379 899 428 936 uon
438 885 499 936 item
508 898 591 935 rumor
603 895 692 947 uagus,
703 887 745 935 eui
755 887 839 934 tamen
849 881 913 946 saepe
924 885 1004 946 nimis,
1012 885 1092 934 ddunt
1102 887 1145 949 qui
1156 888 1243 938 volunt

214 956 321 1004 resilire.
644 957 646 964 ’
1193 1003 1196 1008 .

244 1025 293 1073 Sed
302 1021 355 1072 tuti
366 1021 514 1072 eonscientii
525 1021 615 1094 estqui
626 1023 657 1070 ob
667 1021 759 1080 iustam
767 1033 866 1070 oausam
876 1020 971 1080 resilit,
983 1021 1029 1070 etsi
1037 1033 1086 1070 non
1097 1023 1174 1082 possit
1186 1035 1242 1072 eam

213 1093 331 1154 probare,
341 1091 367 1139 et
383 1092 403 1138 si
422 1091 551 1150 damnetur
569 1091 600 1157 ad
617 1089 769 1137 reddendum
787 1090 929 1137 indemnem
947 1090 1110 1150 renitentem,
1125 1091 1182 1154 hie,
1197 1093 1243 1153 qui

214 1155 312 1210 eausam
320 1159 411 1218 justam
429 1160 600 1218 cognosceret,
611 1169 730 1205 summam
750 1158 859 1224 retinere
875 1159 999 1220 nequiret.
1017 1153 1077 1208 cium
1090 1171 1169 1210 causeo
1183 1157 1241 1211 suut

214 1229 314 1290 dubie,
323 1227 472 1277 consulenda
481 1239 579 1288 semper
589 1226 725 1274 auuieabilis
736 1225 888 1286 compositio.

254 1417 328 1482 812.
341 1411 453 1481 Prima
466 1435 560 1480 causa
576 1441 584 1477 r
597 1425 720 1478 mutuus
731 1424 762 1479 et
772 1408 853 1480 liber
862 1411 1022 1508 utriusque
1032 1407 1241 1510 sponsipube·

212 1527 447 1595 pisconsensus.
835 1569 838 1578 r
1041 1577 1043 1582 .

255 1603 321 1672 Sed
335 1615 477 1685 caveant,
492 1601 553 1670 hoc
568 1599 652 1670 enim
665 1598 800 1668 levitatis
812 1599 974 1669 indicium.

220 1765 226 1770 .
253 1697 328 1768 Nou
341 1697 474 1792 impedit
481 1712 585 1765 tamen
599 1691 763 1764 eonseusus
773 1712 895 1764 mutuus
907 1694 983 1788 quin
995 1717 1074 1764 unus
1085 1719 1239 1765 summam

212 1793 345 1886 accipiat
359 1819 422 1859 non
440 1791 542 1859 solium
562 1792 602 1858 ob
621 1791 793 1883 impensas,
817 1791 872 1860 sed
895 1792 939 1858 ab
956 1790 1121 1881 injuriam,
1147 1817 1236 1884 quae,

213 1887 271 1956 etsi
284 1884 432 1967 relaxata,
451 1883 552 1980 pretio
567 1885 757 1953 aestimabilis
770 1901 826 1966 est,
842 1885 952 1952 saltem
966 1884 999 1950 in
1015 1883 1120 1975 aliquo
1133 1910 1234 1954 sensu.

253 1981 340 2050 Nota
352 2011 360 2048 a
374 1980 529 2072 Impubes,
545 1979 641 2073 pubes
652 1979 771 2060 faetus,
784 1993 899 2073 potest,
915 1977 1012 2060 altero
1026 1979 1177 2050 renitente
1187 1979 1241 2057 vel,

213 2101 309 2152 annos
328 2074 498 2173 pubertatis
514 2074 653 2143 noudum
666 2075 795 2169 adepto,
811 2069 950 2150 resilire,
971 2071 1004 2138 ui
1022 2071 1129 2140 hahita
1141 2072 1238 2141 fuerit

213 2199 285 2246 crum
295 2199 331 2243 eo
345 2168 465 2266 copula.

670 2295 786 2314 μ

254 2381 327 2447 8ι3.
351 2387 383 2442 2⁸
400 2404 408 2442 ι
425 2372 582 2444 Notabilis
604 2397 710 2442 rerum
729 2372 874 2456 mutatio,
897 2371 961 2442 sive
975 2372 1155 2456 intrinseca,
1171 2373 1239 2444 sive

213 2473 399 2555 extrinseca,
414 2497 483 2565 quae
504 2470 531 2537 si
549 2469 700 2540 extitisset
719 2485 773 2566 aut
793 2470 925 2566 praevisa
948 2471 1077 2553 fuisset,
1095 2470 1236 2552 immines

207 2567 303 2660 hujus
318 2566 500 2636 conditionis
514 2566 681 2658 prudentes
695 2566 919 2658 desponsalibus
934 2566 1111 2635 retraxisset
1122 2568 1184 2658 (a).
1200 2567 1237 2634 ln

214 2663 366 2731 communi
378 2660 459 2734 enim
472 2656 633 2727 bominum
644 2685 746 2742 sensu,
762 2661 901 2754 apposita
920 2673 1061 2729 censetur
1077 2660 1144 2729 haec
1159 2685 1237 2730 con-¹

213 2761 302 2841 ditio,
317 2763 354 2828 ed
367 2757 489 2826 facilites
503 2754 630 2850 quidem
644 2756 677 2825 in
690 2755 899 2839 matrimonio,
915 2757 999 2850 quod
1022 2753 1150 2827 liberius
1169 2783 1235 2828 esse

213 2855 336 2924 debeat.
1057 2915 1058 2921 ,

253 2951 328 3022 Nou
348 2949 419 3021 idat
432 2963 537 3020 emon
553 2947 761 3019 conditionata
772 2964 843 3017 sunt
857 2947 961 3017 omnia
971 2947 1136 3041 sponsalia.
1154 2949 1237 3018 Con-

209 3046 361 3114 ditionata
370 3046 463 3126 enim,
473 3070 536 3112 uon
542 3043 723 3112 adveniente
733 3045 918 3126 conditione,
930 3045 998 3137 ipso
1004 3043 1086 3109 facto
1094 3045 1235 3127 reseissa,

210 3141 470 3236 seupotiiusnulla
483 3156 564 3210 sunt.
580 3139 643 3207 Hie
658 3140 874 3208 autemsoldm
887 3137 1099 3207 rescindihilia
1113 3139 1175 3224 (b).
1232 3167 1235 3174 ’
1287 3216 1291 3223 ,
1379 3203 1383 3211 ,

252 3234 454 3339 Dissolvepdi
469 3239 543 3326 ergb
557 3233 712 3326 sponsalia
730 3234 809 3308 ratio
821 3236 962 3332 legitima
976 3249 1047 3302 suut
1061 3263 1068 3303 ι

216 3411 218 3418 y
258 3335 293 3438 ιο.
304 3328 512 3398 Prolessioiu
533 3327 886 3423 religioneapprobata,
904 3348 936 3401 et
950 3328 1069 3397 ordinis
1083 3328 1237 3442 saerisusj
1340 3353 1344 3358 ’

211 3423 479 3590 ceIil’wFiiriiicatio
492 3519 646 3614 sponsalia
661 3519 849 3614 subsequens
860 3521 927 3606 (d).
943 3609 945 3616 Α

252 3613 560 3709 3⁰1mpedimenrum
578 3613 726 3686 dirimens
745 3614 961 3710 superveniens
976 3615 1034 3701 (e).
1229 3695 1231 3700 ,

253 3709 318 3779 Sed
339 3709 522 3806 supponitur
545 3711 700 3821 sponsalia
720 3727 790 3806 post
810 3737 914 3782 rerum
933 3711 1152 3796 mutationem,
1171 3735 1235 3782 non

141 3869 144 3879 1
208 3803 318 3894 tuisse,
334 3804 825 3898 neqrridemtacrtd,ronovata.51
1017 3869 1020 3874 ,
1083 3851 1124 3944 ²⁵-
1155 3857 1158 3864 ,
1190 3857 1193 3864 ,
