2976 4676
402 406 404 415 Ι
626 319 869 400 rsccrnsrrs.⁸
1184 319 1257 400 att

254 423 493 524 ,Abrumpenda
503 424 769 500 tarnen'consessio
781 455 887 500 eorum
898 429 951 524 qui
960 419 1257 525 redirenequibunt,

222 529 250 602 ti
263 526 423 598 declarent
441 540 568 619 peecata
591 527 631 594 ob
654 551 723 618 quae
748 524 923 594 differenda
933 526 1086 596 absolutio
1101 527 1262 598 sit.'Edo-

183 670 185 674 ·
222 623 313 695 cendi
332 637 438 690 tamen
461 621 618 714 quomodo
635 621 701 688 haec
711 621 795 716 apud
812 621 1157 692 alium'conlessarium
1171 622 1260 709 (ali-

222 719 348 814 quando
369 717 591 802 indicandum)
609 717 822 786 declarabunt.
839 717 1070 812 Etaddipotest
1084 719 1183 788 :siris
1197 717 1260 789 alia

222 815 397 894 declarare,
409 828 507 906 potes,
519 814 575 881 s'ed
587 812 688 882 solirm
699 812 739 882 ad
757 813 973 908 accipiendum
988 813 1169 897 eonsilium,
1188 819 1260 883 cirrn

222 909 370 1004 apud'me
381 907 470 974 finire
480 908 703 975 confessionem
714 933 777 976 non
787 909 899 1003 possis,
912 909 1034 1003 sintque
1059 909 1161 977 denud
1176 907 1260 1003 apud

223 1004 319 1080 alium
339 1000 536 1070 declaranda.
558 1001 627 1071 luri)
646 1002 674 1069 si
687 1002 753 1087 vis,
775 1002 974 1097 interrogabo
988 1020 1019 1072 te
1032 1017 1067 1072 ut
1080 1003 1161 1072 scias
1176 1021 1257 1098 qum,

223 1115 255 1172 et
309 1098 421 1166 omodir
435 1097 622 1164 confitearis.

264 1125 394 1286 gpquid
414 1191 619 1260 confessarius
633 1191 714 1260 tent
731 1190 1015 1276 non-intellexerit,
1030 1197 1137 1263 statim
1150 1193 1260 1287 inqui-⁵

222 1289 363 1372 tendum
379 1303 409 1355 et
422 1286 467 1370 sic
481 1288 521 1355 de
532 1285 601 1354 aliis
618 1312 687 1380 quae
706 1290 803 1357 verba
820 1313 920 1383 pauca
938 1303 1118 1385 exposcunt.
1132 1290 1259 1359 Melias

221 1400 325 1452 tamen
336 1385 375 1452 de
384 1383 450 1450 nor'r
466 1381 630 1450 intellectis
642 1385 834 1468 recordetur,
847 1387 954 1478 postea
968 1385 1169 1479 explicandis,
1184 1385 1259 1480 quia

221 1478 442 1573 explicationes
460 1478 630 1570 aliquando
646 1480 802 1572 longiores
821 1495 891 1549 suut
914 1483 1008 1574 quam
1028 1483 1210 1575 perlabatur,
1226 1495 1258 1552 et

220 1574 1257 1670 velbrevissimae,.memoriampoenitentisaliquanddleretotaliter

221 1670 407 1739 disturbant.
1135 1709 1139 1716 ·

261 1765 311 1833 Et
318 1765 371 1832 lr'rc
383 1779 457 1832 nota
468 1793 478 1832 ¹:
492 1765 563 1830 ciun
578 1764 740 1854 confitetur·
776 1764 904 1834 (enitens
921 1781 1083 1859 peecatum
1095 1765 1257 1856 injustitiae

221 1859 448 1928 restitutionem
476 1874 529 1926 aut
550 1858 646 1927 aliam
669 1791 911 1928 satislictionem
926 1861 1064 1953 exigens,
1077 1887 1134 1928 nec
1150 1867 1256 1932 statim

220 1955 325 2028 dicere
335 1972 438 2050 posset
450 1955 656 2023 confessarius
668 1987 675 2032 ς
689 1954 844 2033 restitues,
858 1967 932 2038 etc„
947 1955 1107 2023 memoria}
1117 1982 1180 2024 suar
1192 1952 1257 2026 riou
1278 1974 1280 1976 ’

221 2049 308 2132 fidat,
332 2051 387 2118 scd
411 2051 494 2118 dicat
509 2078 516 2116 ε
533 2049 602 2116 doc
625 2047 715 2132 miti,
728 2049 758 2115 si
774 2049 1012 2142 oblitusjircro,
1022 2051 1056 2117 r'rr
1067 2051 1256 2120 memoriam

220 2144 391 2222 revocabis,
403 2155 438 2211 ut
456 2150 487 2213 to
507 2142 875 2236 tranquillnmreddam.
892 2153 1003 2235 Pergo.
1127 2163 1130 2166 ·

263 2240 311 2323 si,
330 2255 365 2307 ut
384 2242 479 2334 saepe,
510 2237 588 2307 adeo
601 2255 763 2332 gravatam
787 2257 817 2308 et
841 2239 1017 2324 intricatam
1038 2239 1256 2317 conscientiam

220 2335 333 2404 habeat
348 2335 513 2429 poenitens,
527 2349 561 2402 ut
571 2335 687 2404 nesciat
697 2335 763 2405 feri
779 2335 855 2430 quid
876 2335 981 2403 dicere
1001 2336 1112 2403 ‹lclreat
1123 2351 1199 2416 ,aut
1212 2335 1256 2404 ita
1321 2409 1337 2414 „

170 2507 173 2515 ,
219 2431 346 2514 timidus
358 2431 410 2513 s'it,
420 2447 455 2499 ut
467 2430 626 2514 nihillere
639 2433 750 2502 audeat
761 2433 877 2513 dicere,
889 2437 994 2500 statim
1003 2431 1173 2522 interroget
1184 2457 1268 2504 eum.

220 2527 425 2598 confessarius
442 2542 472 2596 et
483 2551 628 2595 accusare
641 2526 750 2611 faeiat,
763 2528 908 2596 addendo
923 2557 930 2595 :
948 2531 1025 2593 nirm
1045 2526 1150 2594 omnia
1169 2525 1256 2593 dixi·-

219 2629 313 2693 mus?
327 2637 387 2691 ete:
665 2679 671 2690 .
1257 2685 1259 2689 ,

261 2719 347 2791 Nota
357 2719 470 2787 iterirm
488 2748 496 2786 ε
510 2733 545 2785 ut
558 2736 621 2784 non
631 2715 833 2786 obliviscatur
841 2713 1046 2783 confessarius
1061 2713 1115 2799 ea,
1128 2715 1171 2785 do
1187 2717 1256 2810 qui·

220 2817 278 2885 bus
294 2817 397 2910 quoad
408 2840 588 2896 numerum,
608 2842 639 2881 v.
653 2839 716 2906 gr.,
733 2810 884 2907 speciem,
901 2811 1158 2896 circumstantias,
1176 2829 1253 2897 cto,

219 2913 372 3009 poenitens
386 2935 448 2977 non
462 2909 650 2978 sufficienter
664 2916 698 2978 s‘e
713 2919 840 2976 accusat
852 2961 860 2982 ,
874 2922 959 2975 notet
973 2907 1007 2974 irr
1019 2910 1139 2991 inmte,
1154 2923 1184 2976 ct
1197 2934 1254 3004 per

220 3008 391 3099 digitorum
405 3007 432 3074 si
442 3007 529 3089 velit,
546 3021 575 3074 et
586 3009 678 3074 nemo
691 3003 808 3088 videat,
816 3002 1037 3088 inflectionem,
1048 3003 1207 3096 quottint,
1224 3017 1255 3072 et
1270 3093 1272 3101 Ι

168 3155 171 3158 .
222 3106 407 3195 contraquae
422 3115 587 3194 praecepta.
1136 3127 1157 3184 ⁸.
1215 3127 1219 3131 ·

262 3196 306 3262 Et
326 3195 353 3263 si
377 3196 427 3262 his
437 3194 601 3277 adhibitis,
616 3219 679 3262 non
696 3192 878 3262 recordetur
898 3205 1003 3258 tamen
1021 3189 1061 3257 dc
1078 3193 1254 3280 monastrio

220 3290 424 3384 inquirendis,
439 3288 490 3356 vel
502 3291 560 3356 sub
577 3289 666 3380 gravi
678 3283 1117 3384 praecipiendis(restitutione,
1133 3287 1259 3374 mgr-„J

220 3385 355 3454 suaviter
368 3405 404 3454 ea
412 3383 583 3452 sciscitetur
594 3387 614 3450 a
624 3381 803 3478 poenitente,
817 3397 847 3449 et
861 3381 888 3449 si
899 3382 1099 3458 rememorari
1108 3397 1262 3476 nequeat,

218 3481 345 3550 iterabit
357 3479 592 3563 consessionem,
605 3478 680 3574 quia
691 3479 732 3548 de
743 3476 869 3552 occultis
882 3476 1017 3568 judicari
1035 3477 1139 3572 nequit
1148 3481 1206 3566 (d).
1254 3513 1258 3524 ¹

249 3582 296 3645 6⁰
317 3575 476 3646 Sollicitus
496 3576 537 3646 sit
553 3578 730 3673 praesertim
737 3573 946 3644 confessarius
964 3594 1147 3667 cognoscere
1160 3576 1252 3668 inge·-

219 3671 305 3741 nium
317 3687 349 3740 et
359 3672 498 3770 corporis
512 3669 791 3768 temperamentum
875 3669 990 3754 itentis‚
1003 3671 1252 3740 dominatricem·

219 3767 279 3862 que
300 3769 397 3838 animi
416 3769 627 3866 cupiditatem.
643 3695 1050 3862 Haec2sacddiognmcim
1070 3767 1105 3836 in
1126 3766 1255 3839 confess.

220 3861 404 3969 donelongi
416 3865 583 3957 temporisr
600 3865 656 3943 sed
672 3863 830 3958 'argenium
845 3867 926 3958 saep'c
943 3863 1272 3944 difficilefrlttamtnj·
