2926 4680
524 364 814 423 niarurmourr.
1033 363 1035 368 ·
1113 333 1182 430 inti
1276 409 1290 415 ,

157 463 217 523 qnia
227 461 303 510 estad
313 457 524 509 universalitatem
535 463 665 515 causarum
677 455 813 516 delegatus.
830 449 943 511 Attamen
959 451 1066 498 vicarius
1079 451 1121 510 qni
1130 451 1184 510 'po-

157 530 259 578 testates
267 531 329 579 tates
339 541 389 576 non
399 528 475 576 habet
485 527 514 582 in
522 526 565 574 sua
577 525 661 574 charta
671 523 854 592 approbationis
870 533 1013 582 expressas,
1035 515 1183 578 consultius,

156 601 183 648 tn
192 600 333 660 parochiam
343 598 491 655 adveniens,
506 609 548 644 eas
565 590 656 656 potata
672 594 787 654 parocho.
801 591 821 652 'v
940 603 942 607 ’
1117 638 1119 643 ,

188 670 244 716 Hanc
251 666 265 715 a
270 667 377 728 parocho
385 666 492 725 prolata:
504 667 593 714 curum
601 664 659 712 habe
668 663 785 724 parochie
792 673 849 710 mem
856 673 897 720 per
905 673 982 706 mcum
990 658 1127 713 concutiam,
1134 669 1182 703 uon

121 782 125 802 ‹
158 738 275 784 sistentur
286 735 395 797 indicare
411 735 590 796 delegationem
607 733 638 780 ad
651 731 813 780 matrimoniis
828 729 1005 786 assistendum,
1021 729 1068 775 nisi
1088 727 1137 784 sic3
1150 738 1183 774 cx

136 865 138 869 ι
159 804 363 863 circumstantiis,
384 816 408 850 v.
425 816 472 863 gn,
483 815 517 852 cx
533 799 617 852 futura
632 799 703 862 longa
720 797 831 850 absentia
846 798 977 859 dijudicari
995 797 1079 857 possit.
1095 791 1185 852 antiis

158 871 430 934 omniaexprimantur.
951 860 967 896 ²

201 1045 275 1108 852.
301 1031 462 1128 Quisnam
474 1053 577 1120 eptem
595 1037 636 1106 sit
656 1037 802 1133 proprius
823 1033 977 1130 parochus
995 1037 1105 1120 eoram·
1121 1057 1184 1127 quo

158 1135 354 1216 nubendum,
377 1159 440 1201 non
456 1133 615 1204 declarant
633 1133 747 1217 Patres
764 1129 860 1198 Trid.
873 1129 967 1212 Haec,
980 1128 1060 1196 inter
1082 1127 1188 1206 varias¹

161 1231 197 1296 ed
214 1229 258 1310 da
272 1255 306 1298 re
326 1229 502 1323 opiniones,
517 1243 552 1296 ut
562 1242 648 1296 certa
662 1225 745 1294 tradi
755 1240 881 1319 possunt
890 1240 960 1319 post
978 1222 1185 1293 Benedictuns

161 1322 256 1406 XlV,
269 1322 302 1390 in
313 1326 368 1392 sud
378 1325 419 1391 33
436 1323 624 1391 institutione
641 1320 804 1417 pastorali,
818 1321 892 1387 dium
907 1334 986 1388 essct
1003 1319 1105 1386 adhinc
1119 1331 1185 1386 ear-

160 1417 272 1490 dinalis
283 1417 532 1512 archiepiscopis
545 1415 763 1506 Bononiensis,
778 1414 916 1484 melioris
929 1430 1010 1500 nota
1022 1413 1183 1507 theologos

160 1529 191 1582 et
205 1540 299 1582 sacrae
314 1514 558 1606 conomcgationis
573 1514 707 1594 decreta.
784 1569 790 1583 .
860 1567 863 1572 .
1103 1539 1123 1557 .

169 1643 170 1646 ¹
200 1609 361 1678 Parochus
383 1609 527 1705 proprius
550 1625 596 1677 est
614 1607 767 1703 parochus
788 1605 940 1675 domicilii
961 1605 1089 1675 actualis
1107 1631 1184 1674 con-

159 1704 363 1783 trahentium,
380 1705 446 1773 sive
460 1705 499 1771 sit
517 1705 709 1773 domicilium
724 1701 851 1799 proprie
863 1701 998 1784 dictum,
1013 1697 1084 1770 slve
1094 1701 1183 1795 quasi

162 1798 355 1866 domicilium
362 1799 424 1882 (α)
439 1797 515 1867 Non
531 1803 605 1890 ergo
619 1797 771 1892 parochus
783 1797 843 1863 loci
855 1797 888 1864 in
898 1823 959 1890 quo
970 1795 1183 1867 contrahentes

163 1909 389 1962 commorantur
408 1893 450 1960 ad
473 1908 610 1986 tempus,
634 1889 905 1972 recreationis,'v.
918 1906 1054 1982 gr.„put
1068 1892 1183 1959 ruralia

163 1987 327 2059 exercendi
341 1989 432 2056 causi
440 1987 499 2072 (b).

203 2083 302 2176 lgitur
316 2089 346 2178 ¹⁰.
361 2082 398 2149 si
412 2079 623 2149 contrahentes
638 2079 732 2148 sint'e
748 2077 870 2148 diversa
885 2079 1050 2174 parochia,
1069 2079 1183 2148 sufficit

162 2195 196 2248 ut
215 2177 391 2248 alterutrius
403 2169 555 2272 parochus
579 2159 719 2256 assistam
741 2199 814 2244 nana
835 2177 942 2246 ambos
968 2202 1031 2248 nun
1047 2176 1184 2270 vrequirit

163 2273 280 2358 Tria(
297 2275 323 2360 l.
456 2328 459 2333 .
584 2305 586 2308 ·
853 2344 857 2350 .
979 2298 981 2304 ’
1149 2350 1151 2354 .

203 2370 291 2462 Ergo
314 2376 346 2438 2⁰
364 2367 438 2443 Duo
458 2367 580 2447 habens¹
603 2366 760 2452 domicilia
779 2366 812 2435 in
835 2359 963 2462 quilius,
997 2370 1184 2466 prudentdm

162 2465 288 2559 judicio,
310 2465 487 2558 aequaliter,
507 2465 664 2533 moraliter
679 2463 833 2558 loquendo
846 2477 1061 2550 commoratur,
1078 2472 1183 2535 coram
1216 2479 1221 2492 “·

161 2561 335 2630 utriuslibet
347 2560 483 2657 parocho
495 2563 611 2629 nuhcrc
628 2572 738 2655 potest.
1225 2581 1227 2585 ·

204 2657 242 2724 Si
266 2672 370 2725 tamm
389 2672 510 2750 partem
529 2657 601 2725 anni
619 2657 653 2724 in
671 2682 744 2740 uno,
767 2670 797 2724 et
809 2671 928 2748 partem
947 2672 1018 2748 agat
1028 2657 1061 2726 in
1071 2656 1181 2740 aliero,
1260 2653 1266 2666 ”

162 2748 258 2820 huhat
270 2751 324 2818 ubi
338 2768 411 2820 tunc
425 2769 631 2820 commoratur
643 2753 705 2837 (ol).

203 2846 292 2938 Ergh
302 2852 335 2914 3⁰
350 2846 386 2914 Si
398 2847 611 2924 contrahentes
624 2848 657 2916 in
667 2847 761 2940 alium
773 2845 875 2918 locum
889 2847 1074 2918 transferant
1085 2847 1182 2916 domi-

162 2943 280 3024 cilium,
294 2958 328 3012 ut
341 2943 398 3026 ihi,
409 2943 599 3028 amolcstiis,
614 2973 647 3014 v.
661 2969 727 3037 gr,
743 2959 905 3038 pareutum
918 2943 1042 3012 liberati
1051 2947 1180 3031 nubant,
1234 2959 1250 2997 ,·

161 3038 402 3116 valid‘cnuhunt,
418 3039 445 3107 si
454 3043 526 3108 ver'e
538 3056 568 3108 et
579 3040 682 3108 animo
696 3039 741 3110 ibi
752 3039 923 3118 habitandi,
932 3041 1072 3141 quamvis
1082 3041 1182 3113 sellam

162 3133 250 3225 quasi
264 3133 454 3202 domicilium
466 3133 512 3201 ibi
528 3127 740 3231 acquirercirm
759 3127 836 3204 fiunt
856 3135 937 3206 enim
953 3140 1026 3205 vere
1045 3136 1182 3229 parocho

161 3228 245 3295 illius
258 3228 322 3297 loci
330 3228 459 3319 subjecti
471 3229 528 3314 (e).
917 3235 935 3257 ‘¹

182 3378 190 3394 ‚
203 3319 311 3399 Sociis,
324 3320 351 3388 si
365 3307 465 3410 solipm
477 3337 511 3390 ut
524 3322 712 3410 minabant,
727 3328 800 3421 quia
812 3342 885 3395 tunc
903 3326 936 3394 in
945 3326 1088 3396 fraudem
1103 3329 1181 3421 legis

156 3416 415 3508 agunt[850,o].
993 3435 995 3438 ·

201 3509 288 3600 Ergd
303 3515 337 3590 4⁰
352 3510 454 3600 Vagi,
473 3537 529 3582 seu*
545 3515 599 3607 qui
621 3514 811 3583 domicilium
830 3516 947 3584 nullum
964 3515 1091 3600 hahent,
1108 3520 1181 3612 quia

160 3606 247 3701 priris
259 3603 448 3698 reliquerunt
458 3607 527 3680 ,sinc
546 3608 650 3676 animo
661 3613 767 3696 (socias
785 3612 961 3704 peregrini)
977 3614 1017 3689 ad
1031 3614 1106 3682 illinl
1135 3643 1181 3684 rc-

160 3698 317 3782 vertcndi‚
333 3723 390 3767 nec
408 3699 521 3770 alieubi
536 3703 636 3772 adhinc
660 3706 764 3774 sedem
778 3708 910 3776 fixerunt
923 3761 931 3788 ,
944 3710 1062 3778 nubunt
1078 3711 1180 3778 valicl'c

160 3795 430 3888 niueumquoiqnia
443 3821 505 3863 non
519 3797 631 3868 habent
645 3801 704 3869 nisi
718 3802 886 3895 parochum
901 3803 959 3871 loci
972 3806 1023 3874 ruhi
1040 3823 1108 3874 sum
1121 3807 1177 3898 (j),
1194 3862 1196 3867 ,

163 3891 208 3957 liu
223 3895 239 3949 :¹
271 3894 425 3961 lunatione
440 3891 590 3991 Sullong.
