2950 4680
246 354 317 455 ιιι
399 375 452 428 ιιι
473 370 638 446 ιιιιιιιιυ
659 371 709 424 rr
730 371 870 428 srxro
891 370 1125 428 aamerrro

244 467 272 515 ut
283 463 425 514 confessarii
435 461 646 512 adhortationibus
655 461 837 521 otiectumero
845 461 929 510 dolore
939 460 1091 520 conteratur.
1100 461 1160 520 Qun
1167 471 1217 510 uon
1225 461 1275 518 irn-

243 533 334 595 probo,
345 532 366 581 si
379 543 438 581 rem
449 531 491 580 det
502 531 656 582 contritionis
675 531 762 578 saltem
773 525 828 590 plirs
838 525 911 590 quim
922 529 1051 577 ordinaries
1062 528 1143 592 signa,
1158 529 1273 590 firmique

243 601 373 662 propositi,
382 595 424 649 et
418 613 432 648 ι
443 599 537 647 fortiori
546 600 567 647 si
579 599 647 647 locus
656 599 690 646 sit
699 599 814 660 sperandi
826 597 1007 660 quodminus
1016 595 1108 647 satos
1102 609 1129 644 ιιι
1137 599 1273 647 mutatione

244 669 377 719 voluntatis
388 670 414 716 et
423 669 578 718 occasionum
590 667 744 730 elongatione
755 667 910 717 'confirmabit
920 668 1002 716 illum.
1012 667 1104 716 intacta
1115 666 1182 722 enirn
1191 665 1218 714 in
1226 663 1274 716 lide

241 741 321 801 praxi
325 739 426 790 manent
435 739 571 800 principia,
589 735 646 788 edm
658 751 706 786 non
718 737 748 785 de
759 735 960 798 perseverantia,
973 735 1018 786 sed
1035 729 1124 788 solium
1128 735 1160 785 de
1181 737 1273 802 contri·

242 811 313 862 tione
323 809 463 870 requiratur
470 809 569 858 moralis
579 808 700 858 certitudo
710 807 740 854 ad
750 807 939 856 absolvendum.

272 876 332 926 cum
344 878 505 926 inveniuntur
514 877 577 938 qui,
587 890 636 925 non
646 877 757 924 obstante
768 875 928 924 absolutionis
940 860 1119 955 denegatione,
1133 885 1273 923 sacramen·

241 947 296 996 tum
306 945 457 996 matrimonii
468 946 605 1006 suscepturi
616 944 802 1006 practicatur,
813 943 897 992 nescio
908 956 940 992 an
951 955 1000 991 non
1014 944 1068 992 sinc
1079 942 1185 1004 magni
1178 957 1273 1005 rmpru

241 1013 327 1064 dentii
345 1002 395 1063 iliis
406 1015 491 1062 dicere
507 1015 588 1074 posset
599 1012 777 1062 confessarius·
797 1025 846 1060 non
856 1025 954 1073 possum
965 1012 1093 1064 absolvere
1104 1014 1140 1062 te.
1152 1013 1177 1060 Si
1189 1015 1271 1064 temen

241 1085 268 1132 tn
279 1097 313 1132 cx
322 1095 404 1142 amore
413 1082 459 1130 Dei
469 1079 579 1143 perient
591 1081 725 1131 connitum
732 1081 875 1128 existimare
886 1093 979 1140 posses,
990 1081 1146 1140 saerilegium
1156 1081 1272 1130 nubendo

241 1165 298 1208 non
303 1153 477 1207 committeres.
488 1147 569 1200 Facile
580 1152 649 1201 enim
662 1162 690 1198 se
708 1149 823 1200 erederet
832 1149 979 1209 contritum,
993 1144 1164 1236 laqueusque
1154 1151 1201 1213 ipsi
1213 1151 1273 1212 inji-

242 1225 352 1272 seretur.

187 1339 189 1343 .
272 1293 341 1340 Sunt
345 1289 388 1350 qui
399 1289 542 1339 existiment
552 1301 623 1351 posse
638 1287 801 1349 penitentem
812 1296 861 1336 nou
872 1286 967 1340 moneri
978 1287 1008 1337 de
1020 1286 1149 1346 sacrilegio
1159 1287 1225 1350 quod
1235 1287 1296 1340 ta-

241 1362 310 1412 ceret
320 1361 435 1423 nubendo
446 1361 499 1412 sine
511 1359 663 1406 absolutione
675 1358 701 1406 et
711 1370 760 1405 non
775 1359 906 1412 contritus:
919 1357 963 1404 sed
972 1356 1198 1417 relinquendarum
1206 1354 1272 1408 bont

240 1428 290 1476 tide
302 1424 311 1491 (
322 1418 423 1476 diiircile
435 1428 490 1480 est'
484 1441 510 1475 ιιι
520 1426 583 1476 boni
594 1427 656 1486 fide,
673 1427 693 1476 si
705 1427 781 1480 tuerit
791 1427 925 1496 instructus
936 1421 1001 1475 erret
1012 1425 1181 1486 dispositioncs
1191 1425 1223 1474 ad
1233 1439 1273 1475 sa·

240 1499 366 1547 eramenta
379 1495 387 1556 t
404 1497 429 1544 et
450 1494 528 1547 solum
549 1496 645 1544 lortiter
656 1495 803 1543 hortandum
814 1495 842 1542 ut
855 1485 929 1556 pauli)
938 1496 994 1556 post
1003 1494 1034 1542 ad
1045 1493 1219 1550 confessarium
1229 1507 1272 1542 re·

241 1567 360 1617 uertatur
372 1565 468 1614 ilddirnt
477 1565 548 1624 quod
552 1566 640 1618 saitem
650 1561 732 1611 minus
742 1576 815 1622 grave
826 1563 901 1616 taciot
911 1565 1068 1622 sacrilegium
1081 1558 1154 1624 quiam
1165 1565 1208 1628 qui
1222 1575 1272 1626 non

241 1635 324 1688 esset'
317 1646 343 1683 ru
351 1630 414 1684 bonit
424 1633 483 1682 lide
492 1633 532 1682 Sic
543 1629 595 1688 tere
606 1633 719 1684 auctores
728 1633 787 1682 libri
797 1634 882 1686 Miroir
896 1635 928 1686 ltu
937 1631 1013 1696 ctcrpc'
1020 1629 1085 1695 [695,
1097 1631 1134 1694 c].

710 1731 827 1748 *F—w-

284 1788 356 1873 725·
370 1783 406 1851 si
420 1782 598 1851 alterutrius
611 1783 739 1879 nupturi
755 1782 980 1853 confessionem
993 1783 1149 1854 audiendo
1163 1784 1269 1870 [860·],

240 1880 394 1950 occultum
408 1880 535 1974 aliquod
553 1882 716 1974 detegatur
731 1881 992 1992 impedimentum
1004 1880 1155 1953 dirimens
1167 1881 1370 1974 (quod'

231 1975 332 2050 ¹focile
348 2003 385 2046 cx
396 1976 648 2072 responsionibus
659 1976 699 2046 od
710 1978 839 2070 quaesita
849 1993 922 2046 tunc
932 1974 1095 2046 iacienda
1085 1977 1291 2067 ruveuietur,

238 2097 267 2140 ιι
258 2071 549 2166 impedimentum
568 2073 609 2141 sit
628 2099 665 2142 ex
683 2072 833 2141 affinitate
853 2098 890 2141 ex
913 2073 1024 2168 copuld
1044 2071 1154 2141 illicita
1160 2073 1270 2166 ,quod

238 2191 431 2246 ιιοιιιιιιιιιιι
445 2184 543 2240 auter
554 2168 711 2260 erimine),
720 2173 826 2236 statim
835 2167 1002 2238 obtinenda
1011 2185 1056 2260 est
1067 2126 1267 2264 dispedoatio.

281 2259 426 2350 Quod
401 2287 428 2330 sr
448 2289 505 2357 per
524 2280 647 2372 tempus
664 2289 728 2332 non
744 2262 855 2347 liceat,
869 2249 1041 2334 mouendus
1054 2265 1206 2368 poenitens
1229 2267 1272 2336 de

207 2430 208 2433 ι
237 2356 472 2473 impedimento,
488 2357 637 2431 saltem
612 2383 640 2428 sr
660 2357 867 2450 praevideetur
878 2386 942 2430 uon
955 2361 1060 2429 ultra
1051 2387 1271 2470 progressurus

238 2457 308 2520 ιιιιι
327 2451 600 2561 dispensationem,
614 2456 752 2546 eousque
768 2455 844 2523 dum
857 2455 1034 2524 obtineatur
1048 2455 1139 2540 (o)
1108 2509 1117 2538 ,
1129 2456 1187 2548 rpsi
1198 2483 1272 2524 eon-

188 2639 190 2642 Υ
237 2546 412 2632 sulendum,
428 2545 526 2627 aiunt,
541 2563 576 2615 ut
594 2564 701 2624 uotum
715 2548 865 2619 castitatis
879 2575 938 2659 pro
950 2566 1089 2646 tempore
1100 2549 1292 2621 endtntad

192 2647 194 2651 ’
221 2654 225 2662 '
237 2644 384 2714 effectum
386 2637 612 2753 ιιιιιιιιιιιιιι
612 2643 807 2749 matrimonii
819 2644 1014 2748 dilationem.

223 2883 231 2887 Q
268 2819 304 2883 (ιι)
316 2821 416 2870 Etiamsi
427 2817 491 2870 uitri
502 2833 673 2885 progressurus
683 2823 860 2904 pieridcatur,
870 2824 986 2883 inquiunt
997 2822 1084 2884 aliqui,
1097 2821 1170 2888 (et
1150 2837 1186 2873 sn:
1196 2823 1270 2875 doce·

235 2891 339 2940 baturin
350 2889 481 2960 seminario
488 2890 642 2999 bisuntino),
650 2893 709 2955 quta
715 2893 865 2948 matrimonii
875 2891 997 2941 ralrdrtatr
1003 2891 1166 2943 confessarius
1171 2894 1273 2943 tenetur

235 2960 373 3010 consulere.
414 3000 422 3008 .

267 3029 309 3076 Ast
319 3029 346 3076 in
353 3028 524 3089 suppositione
534 3025 614 3090 qnid
631 3041 681 3078 non
701 3029 814 3077 obstante
832 3009 983 3089 monitione,
1001 3025 1068 3078 uitri
1085 3029 1269 3090 progredietur,

235 3097 386 3149 matrimonii
398 3097 520 3146 caliditati
538 3111 587 3146 non
604 3091 774 3146 consuleretur
785 3095 862 3160 [obit
883 3095 1041 3147 solummodo
1052 3099 1117 3146 esset
1137 3109 1193 3159 spes
1203 3096 1278 3160 quod

234 3167 359 3228 penitens
377 3167 529 3220 matrimonii
544 3167 582 3215 sni
593 3165 751 3214 nullitatem
745 3178 793 3224 mm
805 3178 968 3249 cognoscens,
979 3168 1042 3220 itlnd
1052 3162 1150 3229 posted,
1161 3169 1187 3218 et
1196 3169 1298 3217 brevi

234 3235 392 3285 restauraruet
403 3235 623 3284 iserniensem
642 3237 702 3294 quot
716 3231 745 3283 ed
756 3231 834 3296 usque
853 3235 933 3284 anaia?
948 3202 1036 3303 idolicis
1050 3235 1112 3317 ergit
1123 3237 1223 3286 ridetur
1240 3240 1269 3285 ut

234 3313 285 3351 nou
295 3305 440 3370 ιιιοιιιιιιιι,
450 3306 493 3352 sed
504 3306 549 3352 snb
560 3304 641 3364 aliquo
653 3304 775 3362 praetextu
785 3305 924 3370 amplioris,
935 3319 961 3353 r.
976 3319 1022 3366 gr,
1034 3301 1098 3353 circi
1117 3306 1269 3358 matrimonii

234 3371 395 3429 obligationes
406 3372 575 3420 instructionis
584 3371 737 3432 obtinendae,
740 3383 800 3433 quas
806 3375 869 3420 alter
880 3375 1107 3424 confessariusdare
1118 3387 1167 3422 non
1175 3377 1267 3435 posset,

234 3439 392 3494 adeumderu
403 3439 591 3500 confessarium,
602 3439 689 3500 utpote
700 3442 856 3498 conscientiae
867 3444 1027 3506 poenitentis
1020 3457 1070 3504 rans
1081 3443 1267 3504 depositarium,

234 3509 343 3559 reditum
353 3506 425 3570 paulb
436 3509 490 3568 post
500 3511 619 3567 spondeat
637 3509 756 3570 tirmiter,
767 3512 793 3560 et
803 3513 862 3560 tunc
882 3511 957 3564 modo
973 3507 1037 3561 iniri
1048 3511 1169 3571 dicendo,
1181 3515 1269 3559 matri-

235 3579 345 3626 monium
361 3576 546 3631 restaurabitur,

255 3679 257 3684 ·
266 3647 314 3694 Sed
324 3647 345 3694 si
355 3646 386 3693 ad
395 3643 510 3692 eumdem
531 3644 707 3693 confessarium
717 3645 799 3694 redire
809 3650 929 3708 nequeat,
945 3647 1023 3708 quid?
1033 3649 1080 3706 ipsi
1089 3643 1225 3704 iubendum
1237 3649 1266 3694 ut

234 3711 325 3764 lt'erinn
334 3713 433 3761 accuset
446 3712 576 3773 peccatum
587 3712 596 3774 (
609 3713 814 3773 impedimentum
824 3717 943 3768 inducens
954 3715 963 3777 )
974 3715 1000 3762 in
1010 3711 1089 3776 primi
1102 3711 1204 3775 confess·
1198 3725 1265 3791 ¹rone,

234 3784 265 3831 ad
274 3781 403 3834 utilissima
420 3780 564 3840 accipienda
584 3783 704 3846 consilia,
716 3783 820 3833 dicendo
839 3781 957 3847 expresse
968 3797 995 3832 se
1015 3783 1042 3831 id
1056 3781 1137 3828 tacere
1149 3793 1181 3848 ex
1194 3783 1264 3839 irrssn

232 3853 323 3932 prioris
333 3849 482 3898 contessarii.

265 3917 366 3982 Quodsi
377 3929 434 3980 spes
444 3916 550 3968 multum
560 3919 755 3982 probabiliores
765 3921 797 3972 sit
807 3922 842 3990 sic
853 3921 964 3972 acturum
975 3916 1146 3986 penitentem,
1158 3923 1197 3970 vei
1209 3933 1266 3984 pru·
