2964 4674
430 320 444 332 ··
562 301 797 374 EGCLESIAE.
1129 317 1194 366 221

163 408 167 418 ’
213 387 302 460 ilem
321 387 488 457 dicendum
511 388 579 456 tlun
597 391 637 460 de
655 394 786 460 censure
798 393 839 460 ab
856 383 981 464 homine
997 420 1056 489 pro
1072 395 1197 484 futuro,

171 490 238 557 tum
260 486 300 555 de
320 483 520 580 suspensione
541 500 571 554 et
585 485 748 553 interdicto
760 512 829 580 quae
844 487 984 556 feruntur
997 517 1053 584 per
1069 497 1212 572 modum,

171 608 271 680 poenes
288 607 386 674 purae,
402 605 440 647 ex
448 579 613 648 informatis
628 581 812 651 conscientiis
820 583 921 676 (657).
935 583 1022 654 Vide
1038 573 1204 660 Benedicss
1248 643 1251 650 -

170 695 238 750 tum
252 677 336 744 XlV
351 677 390 742 de
405 675 532 766 Synodo
544 674 734 754 dioecesani,
746 676 803 744 lib.
824 703 873 758 12,
890 703 959 772 cap.
976 684 1012 757 8,
1028 687 1062 747 n⁰
1078 684 1111 752 3.

211 763 274 841 Ast
284 797 341 865 pro
351 769 420 838 aliis
431 769 565 838 censuris
579 771 620 837 ab
630 769 756 839 lromr’ne
765 771 900 841 ferendis
911 775 1145 880 praerequiritur
1156 779 1197 848 ad

168 867 362 938 validitatem
375 864 513 934 monitio
527 863 722 959 particularis
734 868 783 952 (a)
797 893 938 960 quamvis
962 895 1024 936 non
1038 872 1198 957 canonica,

168 963 231 1033 nisi
252 989 321 1032 eam
343 964 391 1054 jus
409 959 524 1052 exigue
549 985 607 1027 nec
626 963 646 1025 ἒι
663 959 786 1028 fortiori
806 961 899 1044 trina,
921 963 995 1031 licet
1017 964 1078 1032 nisi
1102 965 1197 1035 instet

168 1058 352 1155 periculum,
365 1055 444 1124 trina
457 1055 525 1126 fieri
538 1055 649 1122 debeat
661 1081 718 1148 per
733 1057 860 1124 modum
881 1058 986 1141 unius,
999 1085 1053 1128 seu
1064 1085 1125 1128 una
1137 1087 1196 1155 pro

166 1157 280 1238 tribus,
294 1153 418 1246 praefixo
434 1149 582 1245 temporis
596 1152 696 1245 spatio
710 1153 794 1244 quod
808 1179 865 1246 pro
879 1155 960 1222 trinis
979 1155 1150 1228 sufficeret

209 1251 336 1345 Insuper
349 1273 478 1317 censura
491 1246 554 1316 alia
570 1245 681 1340 lataeet
697 1248 759 1316 alia
770 1251 905 1318 serendae
920 1251 1078 1320 sententiae
1088 1254 1193 1344 (149).

206 1345 281 1414 Alia
293 1336 466 1424 reservata,
483 1340 579 1437 aqut
591 1341 674 1412 solus
694 1343 749 1438 qui
763 1369 831 1415 eam
841 1343 913 1413 tulit
926 1349 1030 1437 ejusve
1052 1349 1195 1444 superior

163 1459 217 1514 aut
230 1441 409 1535 delegatore
864 1509 866 1513 .

147 1547 166 1563 ''
204 1539 329 1608 Et‘alia
341 1563 405 1604 non
425 1547 581 1604 reservata
596 1534 690 1627 iqui
703 1533 834 1629 quil-ibet
848 1537 991 1607 sacerdos
1009 1535 1193 1632 simpliciter

163 1659 203 1729 ap
226 1635 349 1702 robatus
359 1630 520 1699 absolvere
536 1644 649 1724 potest.

204 1661 248 1798 it
260 1728 312 1795 hie
325 1742 399 1794 note
412 1732 573 1794 censuram
587 1725 628 1792 ab
646 1724 771 1793 bomine
787 1751 910 1820 semper
925 1728 1077 1797 reservari
1091 1729 1120 1798 ei
1134 1731 1190 1823 qui

163 1825 321 1906 eamtulit,
332 1823 456 1911 autejus
466 1819 619 1914 superiori
628 1836 658 1887 et
667 1821 1049 1908 successori(b).Censura
1057 1831 1190 1892 autemri

121 1959 128 1973 ·
161 1923 232 2000 iure
244 1943 306 1984 non
318 1932 490 1986 reservatur
501 1913 563 1982 nisi
576 1914 611 1982 id
621 1915 705 1984 dicet
716 1915 766 1984 lex
779 1923 832 1984 e'ut
845 1917 926 1986 ferat
938 1919 1187 2004 consuetudotc);

153 2051 156 2058 ·
205 2015 351 2083 Tandem
362 2009 1186 2086 censuraaliaestdenunciatactalianondenunciats.

202 2109 248 2180 Et
268 2124 303 2176 ut
324 2133 452 2177 censura
475 2105 658 2174 denunciata
680 2107 739 2190 sit,
763 2125 825 2176 non
852 2115 928 2178 satis
943 2124 988 2176 est
1002 2125 1036 2176 ut
1050 2109 1105 2203 qui
1120 2135 1189 2180 arm

161 2203 292 2274 incurrit
315 2203 490 2292 nominetur
509 2201 542 2268 in
561 2202 713 2271 sententia
734 2203 867 2292 judicis,
890 2205 945 2274 sed
968 2205 1136 2298 requiritur
1153 2223 1188 2274 ut

160 2297 836 2382 haecsententiadenunciansvalvisecclesiae
847 2301 1068 2392 ailigatur,vel
1082 2306 1187 2372 eoram
1280 2331 1282 2336 ·

159 2397 274 2490 populo
293 2396 327 2462 in
342 2393 471 2464 ecclesii
483 2392 613 2462 collecto
627 2392 853 2487 promulgetur.
866 2393 869 2412 i

199 2491 346 2562 Percussi
369 2491 496 2559 cursura
523 2515 586 2557 non
609 2489 807 2574 denunciari,
830 2491 972 2573 tolerati,
1004 2493 1186 2564 denunciata

159 2591 246 2671 vero,
262 2585 468 2669 nontolerali,¹
482 2611 537 2654 seu
546 2585 666 2654 vitandi
675 2585 832 2656 dicuntur.
1145 2595 1149 2606 '

189 2759 225 2826 (ιι)
236 2764 264 2811 in
274 2763 314 2812 liis
331 2763 414 2812 tamen
430 2761 666 2822 disputaremus
680 2761 806 2828 Sancltea,
820 2759 945 2810 affirmant
959 2759 1011 2808 alii.
1025 2759 1119 2808 Saltem
1133 2772 1183 2812 non

151 2833 238 2898 potest
246 2832 345 2896 procedi
359 2845 404 2892 per
415 2843 523 2879 censurae
538 2826 730 2881 declaratitrnem
742 2830 768 2879 et
781 2831 968 2890 executionem,
979 2830 1032 2878 sine
1043 2827 1092 2877 alii
1102 2830 1184 2878 moni-

156 2901 237 2962 tione,
248 2903 306 2963 quia
313 2902 349 2949 sie
360 2911 463 2948 censura
473 2899 532 2948 terri
543 2903 625 2958 posset
635 2912 679 2960 pro
688 2899 792 2947 crimine
802 2897 903 2948 omnino
916 2899 1042 2960 praeterito
1056 2900 1082 2947 et
1095 2911 1184 2946 emen-

156 2967 295 3030 (tatuini,
306 2973 335 3018 nt
345 2970 598 3038 declaretureensura
607 2971 664 3020 latas
673 2969 818 3028 sententiae,
829 2969 904 3016 dehet
912 2969 983 3016 citari
993 2967 1141 3030 deliuquens
1150 2969 1180 3016 ut

155 3039 187 3088 de
198 3040 251 3099 eius
261 3041 365 3088 erimine
374 3038 479 3087 constet.
905 3057 908 3064 ·
1038 3087 1041 3092 ,

185 3109 214 3154 ln
225 3109 299 3156 dubio
310 3104 385 3156 debet
393 3108 546 3168 quis-gerere
557 3119 584 3154 se
594 3101 712 3167 unquam
721 3103 825 3154 censuri
835 3103 957 3154 areum·

187 3175 222 3238 (t)
234 3175 294 3236 lirul)
304 3178 326 3224 si
336 3178 369 3225 sit
380 3187 484 3224 censura
494 3174 579 3224 strictis
590 3177 803 3236 sumpta,·nullus
813 3170 972 3233 potestelrea
982 3171 1179 3231 absolvere,nisl

156 3244 187 3292 ad
198 3243 224 3292 id
234 3245 266 3292 sit
275 3245 416 3304 specialiter
428 3243 577 3305 deputatum
596 3257 625 3292 ae
640 3242 742 3305 proinde
757 3244 861 3292 facultas
876 3241 999 3302 generalis
1012 3236 1179 3290 contremit

156 3314 255 3362 casibus
264 3313 395 3360 reservatis
405 3325 453 3359 non
460 3314 602 3362 extenditur
612 3313 643 3362 ad
653 3325 769 3362 censuras
779 3313 811 3362 ab
821 3313 922 3361 tuusne.
931 3310 961 3357 nt
968 3309 1036 3357 idem
1046 3307 1179 3356 fficendum

155 3381 187 3430 de
198 3381 309 3430 censuris
318 3380 349 3428 eb
357 3381 449 3427 tremine
459 3381 490 3426 ab
497 3381 621 3443 Episcopis
631 3383 695 3430 latis.

184 3448 231 3499 llic
241 3452 325 3499 umen
335 3449 404 3496 notet
413 3449 515 3497 Billuart
525 3451 573 3498 sihi
579 3451 659 3500 videri
669 3445 765 3512 quidsi
776 3461 879 3500 censura
889 3449 920 3498 nt
930 3447 1023 3498 lemme·
1031 3447 1082 3495 lata
1092 3446 1125 3495 sit
1133 3461 1180 3508 per

153 3519 269 3580 generale
277 3518 396 3566 statutum
404 3517 470 3578 quod
480 3530 534 3566 enm
545 3531 594 3566 non
603 3521 731 3580 reservet,
742 3521 768 3568 et
776 3521 804 3567 Ρ.
815 3521 872 3568 Ant.
884 3514 898 3567 a
908 3515 1001 3565 Goritii
1011 3513 1078 3578 quid
1092 3517 1115 3564 si
1128 3518 1177 3564 lata

152 3588 186 3638 sit
193 3601 239 3652 per
248 3587 397 3636 oenmntiam
405 3587 546 3648 generalem
555 3589 582 3636 in
591 3601 685 3650 omnes,
692 3601 719 3638 r.
726 3601 774 3650 rr„
784 3589 828 3650 qui
838 3589 888 3638 tale
899 3589 994 3636 crimen
999 3587 1176 3649 commiserint,

151 3657 196 3718 qni
214 3657 265 3706 tate
278 3655 372 3706 laetum
384 3669 433 3704 non
447 3656 673 3718 manifestaverint,
687 3670 737 3706 non
753 3659 920 3706 determinans
933 3669 1063 3720 personas,
1079 3667 1128 3704 non
1138 3657 1177 3704 vi-

152 3724 239 3774 tutu
248 3725 381 3786 reservata,
390 3724 439 3774 nisi
449 3725 591 3776 mmlatum
601 3726 627 3774 id
635 3727 714 3788 ‹sseat3
722 3727 781 3788 quia
791 3727 913 3776 sententia
922 3726 958 3774 sic
967 3725 1116 3788 generaliter
1126 3725 1177 3773 lats

152 3805 201 3844 aen
214 3793 323 3866 continet
336 3793 436 3858 proprie
450 3797 597 3846 sententiam
611 3795 715 3858 judicis,
731 3796 803 3858 cujus
817 3797 930 3846 rescissio
945 3808 990 3856 per
1005 3795 1097 3854 aliurn,
1112 3793 1176 3842 ieret

152 3864 252 3920 stante
261 3863 339 3930 ipsius
347 3865 533 3932 iurisdictionis.
543 3867 590 3918 Seri
601 3861 684 3930 portis
694 3867 806 3932 erutuet
815 3865 965 3918 orerentur
976 3865 1022 3932 sub
1033 3863 1078 3914 lali
1085 3875 1176 3928 censu·
