2926 4680
500 437 506 446 ,
555 377 841 437 mirsinensi.
874 408 876 412 -
1145 343 1219 460 395

187 467 288 520 icssado
297 467 373 520 didici
385 481 440 530 me,
450 467 551 531 mando
569 471 658 531 napi,
668 484 716 518 nou
732 469 1029 531 sufficimtarcomcosiam.
1040 469 1136 530 mosot
1145 473 1171 519 ut
1181 485 1218 521 au
1314 493 1318 501 ,

185 543 287 602 occipias
296 544 355 590 aaut
366 543 387 588 ic
398 542 500 600 occipio,
508 541 530 588 si
535 552 584 586 aon
590 541 764 602 oolctnostmm
773 541 960 588 matrimonium.
969 539 1042 588 lluno
1051 539 1150 587 modum
1160 551 1219 588 con·

185 609 247 657 salit
259 608 478 656 benedictusxlv.
900 651 901 656 ,
1032 659 1034 668 x

141 713 144 716 .
216 677 264 724 Alii
278 677 379 724 tandem
391 676 508 724 tutiorem
519 688 563 736 pro
573 676 641 722 omni
649 687 707 728 casu
717 674 820 733 docent,
832 673 852 722 si
864 674 897 722 sit
907 673 1077 738 applicabilis3
1088 675 1117 722 ut
1127 671 1217 736 nempe
1277 675 1284 686 “

185 745 349 792 confessarius
358 746 436 804 partis
454 741 626 805 impedimenti
642 745 761 804 conscias,
771 756 803 791 ex
814 745 891 804 ipsius
908 742 1023 826 oppressi
1034 743 1137 791 licentii
1145 745 1221 799 adeat
1288 781 1292 786 ,

185 813 316 874 putativas
330 813 447 873 conjuges
458 814 483 860 et
503 813 568 858 dicat
578 825 585 858 ε
597 814 700 872 biliosus
717 815 828 876 invicem,
840 816 862 860 et
878 815 937 860 certe
947 812 1063 860 haberetis
1073 811 1160 860 deuon·
1170 813 1218 863 Vm

185 884 261 940 ccrtd,
273 885 311 930 sod
322 897 394 943 quam
415 885 518 930 indicare
528 881 592 928 mibi
602 882 647 940 tuit
662 881 819 940 prohibitam,
828 883 933 942 quumvis
949 895 995 941 pro
1017 881 1076 928 bono
1091 885 1166 930 vestm
1180 897 1218 932 ros

184 951 244 998 mibi
254 953 316 999 dictu
331 954 371 1000 stt.
383 953 439 1008 Via,
458 953 570 1010 inquom,
581 951 645 997 certd
655 952 702 998 scio
713 963 754 997 vos
769 964 818 998 ooo
829 964 875 998 esso
895 952 978 1009 nuptos
990 949 1019 996 ob
1030 950 1219 1009 impedimentum

184 1021 245 1079 quoti
256 1033 304 1067 non
314 1021 359 1080 fucit
371 1022 512 1076 revelatum,
527 1021 638 1079 sed'puod
653 1032 695 1065 nee
704 1020 778 1066 dicere
790 1031 857 1078 queo.
867 1021 942 1065 Dicito
953 1015 1012 1078 orph
1024 1017 1104 1066 eordan
1112 1033 1148 1066 mc
1156 1016 1217 1079 qaid

184 1087 265 1137 osuini
277 1092 394 1150 accipiatis
405 1103 445 1137 vos
455 1092 479 1136 io
490 1089 606 1148 omjitpes.
618 1081 723 1133 Multhm
734 1087 837 1146 expedit
848 1087 879 1133 ad
888 1087 1016 1135 vitandam
1026 1099 1126 1136 omnem
1136 1089 1217 1148 suspi-

184 1156 282 1208 cionem
292 1157 356 1218 prod
367 1157 533 1206 confessarius
542 1157 579 1204 sit.
586 1157 698 1217 proprius
707 1156 806 1216 pastor.
840 1213 842 1218 ,
1185 1166 1187 1171 ·

214 1227 306 1273 Dicunt
324 1229 458 1289 nonnulli,
477 1227 546 1274 omni
562 1225 611 1272 alio
629 1223 701 1272 modo
720 1220 867 1283 defitiente,
886 1223 999 1272 suificere
1020 1225 1047 1272 in
1067 1225 1216 1276 necessitato

183 1297 296 1354 copulam
313 1296 435 1342 redditam
454 1295 537 1341 animo
554 1293 675 1350 maritali,
687 1293 744 1351 qnia
764 1291 907 1352 perseverat
918 1292 1175 1341 alterinsconsensus.
1187 1295 1216 1342 nt

183 1363 242 1422 hoc,
253 1363 297 1411 sed
306 1377 351 1424 per
361 1365 586 1424 dispensationem,
597 1361 714 1421 possibile
725 1361 844 1421 supponit
854 1361 1004 1408 Benedictus
1014 1362 1078 1419 XlV,
1087 1359 1096 1422 t
1104 1362 1215 1411 institut.

182 1433 421 1492 ecclesiasticarum,
441 1433 602 1480 institutione
616 1431 661 1491 87,
681 1428 696 1494 S
712 1431 760 1478 isaeo
776 1427 853 1490 soni)
868 1429 974 1477 dicendo
989 1431 1167 1478 recurrendum
1185 1431 1216 1480 ad

181 1513 276 1553 sacram
293 1503 509 1562 pauitans-ianam
519 1512 563 1561 pro
579 1497 716 1548 obtinendi
732 1498 898 1558 deoblipotionc
908 1498 1047 1561 renouandi
1057 1512 1215 1563 consensum,
1238 1531 1240 1534 .

181 1567 225 1616 seu
234 1571 263 1618 ut
273 1569 459 1618 matrimonium
468 1569 570 1617 sanetur
580 1569 607 1615 in
617 1565 711 1616 radice.
723 1567 908 1627 «Quaesistis,
920 1561 1004 1627 inquit
1022 1567 1089 1615 idem
1100 1569 1125 1615 S.
1136 1571 1163 1616 Ρ.
1171 1570 1179 1632 (
1187 1572 1215 1620 in

182 1653 195 1678 »
206 1639 383 1686 constitutione
393 1640 423 1686 ti
441 1640 505 1698 sept.
524 1639 584 1685 litt
594 1635 603 1699 )
613 1671 621 1696 ,
631 1633 645 1684 is
656 1639 773 1684 Romanis
784 1637 944 1684 Pontificibus
954 1637 1055 1684 concedi
1067 1641 1217 1700 consuerit,

182 1721 196 1746 n
206 1705 311 1764 urgente
328 1705 415 1765 magni
433 1701 515 1754 causi.
527 1724 541 1748 n
550 1707 642 1754 Eadem
661 1707 737 1754 habet
748 1706 779 1754 de
794 1703 892 1766 Synodo
903 1704 1056 1766 dioecesanis,
1066 1707 1130 1754 libro
1145 1709 1214 1768 xlii,

181 1782 235 1832 cap.
244 1772 319 1832 el,n⁰
331 1775 355 1820 'ia
365 1776 418 1820 Non
428 1774 511 1834 posset
521 1770 578 1832 erud
586 1775 696 1822 mochum
707 1774 770 1822 illud
777 1775 890 1828 adhiberi
901 1775 991 1822 nisiex
1003 1776 1104 1834 speciali
1112 1777 1215 1837 dispen-

181 1841 277 1887 satione
288 1841 312 1886 s.
323 1842 354 1888 P.
360 1841 410 1888 Sed
418 1842 608 1890 obtinereturne
617 1841 628 1888 i
638 1843 721 1890 (iausae
731 1842 979 1901 quae-exponerentur
988 1843 1175 1899 haberenturne
1186 1845 1215 1896 ut

181 1907 350 1966 marianna?
1045 1939 1047 1942 -

211 1977 347 2036 catarum,
357 1976 386 2024 ut
404 1975 441 2024 alt
449 1975 516 2025 idem
527 1976 551 2022 Sa
560 1977 599 2034 P,
619 1974 817 2034 dispensationes
828 1975 859 2022 ad
869 1976 1007 2023 sanandum
1027 1977 1214 2031 matrimonium

180 2041 209 2090 in
219 2042 316 2102 radice,
329 2042 338 2106 (
349 2057 404 2104 qna
413 2045 489 2092 etiam
499 2055 566 2091 nnnc
577 2055 621 2104 pro
632 2043 812 2101 matrimoniis,
819 2043 1084 2103 temporeneootntioois
1095 2047 1172 2094 nullis
1182 2051 1214 2099 ob

180 2113 422 2172 clandestinitatem,
434 2125 466 2160 ex
476 2112 574 2163 indulto
584 2112 616 2159 ab
627 2111 751 2171 Episcopis
760 2107 846 2158 Galliae
856 2111 1045 2174 conceduntur)
1056 2126 1106 2162 non
1118 2115 1217 2168 iaciunt

181 2197 196 2224 α
207 2182 237 2230 ut
247 2181 433 2230 matrimonium
443 2181 548 2228 nullitor
556 2180 726 2239 contrmtum,
737 2191 789 2228 non
806 2175 840 2228 ns
850 2179 928 2228 inerit
943 2183 1111 2243 contractum,
1123 2185 1166 2232 sed
1177 2184 1214 2232 ei·
1244 2217 1248 2229 .

181 2266 196 2292 a
207 2250 286 2298 iectus
296 2250 327 2298 ds
338 2249 420 2298 medio
435 2249 572 2310 tolluntur,
583 2249 627 2310 qui
638 2249 669 2297 ob
683 2248 758 2307 huius
769 2249 923 2297 matrimonii
934 2250 1092 2312 nullitatem,
1103 2249 1161 2301 anth
1172 2255 1214 2302 in-

181 2318 309 2435 sssluttltarlr:t
317 2317 528 2379 dispensationem
548 2314 709 2379 amnestiam
726 2318 755 2365 in
774 2317 829 2380 ipso
846 2317 999 2370 matrimonii
1015 2321 1086 2388 actu,
1098 2322 1212 2384 medacii

182 2403 195 2428 r·
234 2399 279 2434 eru
311 2403 344 2434 η)
987 2398 991 2405 ¹

210 2457 270 2503 Nota
285 2469 293 2502 a
308 2452 368 2504 clim
384 2455 508 2517 detegitur
528 2454 734 2514 impedimentum
748 2450 763 2503 h
778 2455 875 2506 duobus
893 2453 1040 2519 coniugibus
1058 2449 1214 2522 ignoratum,

179 2521 306 2586 nunquam
317 2523 416 2575 omnino
434 2524 596 2584 aperiendum
605 2557 615 2582 ,
625 2524 762 2574 inconsulta
782 2527 915 2587 Episcopo,
931 2528 962 2574 ad
979 2541 1054 2587 quem
1064 2531 1145 2578 omnia
1156 2545 1212 2592 quoe

178 2596 292 2654 spectant
302 2597 338 2644 ad
352 2594 481 2653 coniuges,
492 2594 567 2652 aetas,
579 2593 687 2654 mdoles,
706 2606 774 2640 amor
788 2594 938 2653 soladium,
955 2595 1065 2654 familia,
1075 2599 1134 2656 etc,
1145 2599 1212 2646 reie-

180 2664 282 2722 rentur,
293 2662 447 2723 exposcenda
458 2661 558 2707 modum
568 2662 752 2709 matrimonium
761 2659 1005 2729 instaurandiasaepe
1016 2663 1096 2710 forsan
1108 2675 1212 2726 respon-

180 2731 250 2780 debit
261 2733 376 2792 conJuges
385 2730 510 2791 putativas
518 2743 570 2777 esse
582 2731 609 2776 in
618 2728 682 2780 honis
695 2730 744 2776 fide
752 2730 936 2788 relinquendos.

209 2802 270 2850 Nota
281 2799 371 2850 iterium
383 2814 393 2847 a
402 2800 430 2848 Si
444 2799 606 2850 confessarius
617 2799 701 2848 audiat
718 2799 883 2858 poenitenlem
895 2800 925 2848 de
936 2799 1086 2851 matrimonii
1098 2804 1135 2852 sni
1146 2804 1211 2852 vali·
1224 2821 1226 2826 ’

179 2869 257 2918 ditate
269 2870 438 2935 dubitantem,
454 2869 512 2928 quia
523 2869 652 2928 conjugem
671 2869 810 2928 suspicatur
824 2867 856 2916 de
867 2868 984 2927 crimine,
995 2870 1060 2917 dicat
1079 2883 1131 2920 non
1142 2875 1210 2922 omni

179 2939 277 3000 spiritui
289 2938 715 2998 credendum31udiciataliapravia
728 2931 788 2984 iore.
797 2937 867 2995 Quod
875 2939 1075 2986 extenditcellet
1083 2940 1115 2987 ad
1125 2933 1209 2990 cas'um

179 3007 209 3054 in
219 3021 267 3068 qno
278 3009 440 3056 confessarius
454 3020 503 3054 non
515 3007 594 3054 solum
606 3005 647 3055 vii
656 3006 833 3066 confessionis,
846 3006 889 3054 sed
904 3005 951 3054 alid
959 3041 966 3067 ‚
975 3005 1049 3054 modis
1057 3009 1165 3070 secreti,
1178 3013 1210 3060 de

179 3075 358 3134 impedimento
369 3078 452 3124 certus
462 3076 541 3140 esset,
560 3076 619 3138 quia
637 3077 743 3134 exigunt
754 3073 892 3135 ‘aliquando
903 3075 1094 3123 circumstantias
1104 3078 1133 3123 ut
1144 3079 1210 3126 bona

179 3143 312 3202 conjugum
323 3145 383 3191 fides
394 3144 507 3191 foveatur
517 3141 573 3191 edm
586 3143 662 3191 illaesi
672 3144 778 3192 veritate
789 3144 843 3190 lieri
854 3143 943 3204 potest.
956 3143 1044 3191 Utrum
1055 3143 1138 3190 autem
1149 3145 1209 3195 tunc

179 3209 257 3260 illaesa
268 3213 365 3260 maneat
373 3213 478 3270 veritas,
489 3213 544 3260 uide
560 3215 590 3258 Ns
601 3213 655 3260 diti.
1024 3265 1026 3268 ,

212 3276 245 3341 (a)
257 3280 282 3326 Si
291 3279 317 3325 in
328 3281 518 3338 dispensationis
528 3281 647 3340 rescripto
658 3281 710 3328 haec
721 3281 762 3329 vel
773 3280 865 3328 similia
875 3281 990 3340 legantur
1001 3295 1008 3328 ε
1020 3281 1115 3332 Publici
1130 3285 1151 3332 et
1159 3297 1209 3332 aes-

179 3350 235 3398 sato
254 3349 332 3408 tonost
350 3350 479 3395 Tridentini
485 3380 494 3404 ,
505 3348 610 3406 putatlvi
623 3348 739 3406 conjuges
749 3349 853 3407 possunt
864 3361 961 3412 seniper
972 3360 1119 3397 consensum
1134 3363 1209 3398 reno·

179 3427 239 3464 vare
249 3417 303 3464 sine
313 3417 419 3477 parocho
430 3415 676 3476 etitestibus,-inqnit
685 3417 788 3464 Billuart
798 3419 850 3476 post
862 3419 972 3478 Sylvium
980 3451 989 3478 ,
998 3419 1055 3478 etc,
1065 3420 1122 3479 quia
1130 3421 1207 3468 torma

178 3486 319 3539 'tridentini
330 3498 404 3546 quam
412 3486 524 3534 intendit
534 3485 724 3545 dispensationis
737 3487 960 3546 ¹rescriptum,1am
972 3489 1069 3536 seruata
1083 3491 1129 3538 est.

211 3553 242 3618 (t)
253 3556 382 3604 Publicum
401 3555 439 3602 est
450 3555 655 3615 impedimentum
667 3552 722 3603 cinn
732 3569 777 3616 per
791 3556 851 3604 duos
863 3557 938 3604 testes
949 3558 1045 3617 probari
1056 3561 1144 3619 potest.
1155 3561 1209 3608 Bil-

179 3625 252 3674 tucrt.
263 3621 384 3685 Aliunde,
392 3626 421 3670 ut
431 3624 467 3671 ait
477 3627 503 3672 P.
514 3623 576 3672 Gab.
585 3624 642 3672 Ant.
654 3628 708 3684 post
718 3626 841 3683 Sanchez,
853 3627 873 3673 si
885 3626 915 3674 de
927 3625 991 3674 iacto
1001 3627 1146 3686 probaretur
1156 3630 1206 3676 im-

178 3693 365 3754 pedimentum,
379 3693 422 3741 aut
441 3688 565 3742 notorium
582 3690 696 3753 abundi,
710 3691 759 3741 imis
771 3695 919 3755 simpliciter
933 3696 1060 3755 pubiicum
1071 3698 1203 3757 evaderet,

179 3763 295 3825 conjuges
305 3761 454 3812 tenerentur
462 3763 496 3810 de
509 3775 572 3809 novo
591 3763 735 3811 contrahere
750 3763 808 3823 quia
818 3764 946 3811 renovatio
961 3765 1055 3812 secreta
1065 3765 1096 3811 ab
1108 3766 1144 3815 eis
1153 3777 1204 3811 non
1292 3785 1298 3796 ι

178 3834 260 3890 posset
270 3833 355 3892 objici.
366 3828 488 3892 Euadnen
499 3832 559 3880 satis
569 3833 634 3880 esset
644 3831 727 3880 dicero
736 3833 816 3880 tutius
827 3846 880 3881 esse
892 3833 953 3881 tunc
964 3833 991 3880 in
1000 3833 1064 3881 iacio
1075 3834 1203 3893 Ecclesia,

177 3899 272 3950 secreto
283 3902 414 3962 tame11,in
428 3898 550 3964 quantiam
560 3901 613 3948 lieri
626 3901 730 3964 poterit,
740 3901 923 3952 matrimonium
933 3901 1081 3950 instaurare.
