2926 4680
287 252 361 362 898
620 259 982 340 nr‘bncnnnrnro

757 441 812 518 ,5¹
829 434 833 442 s
907 485 909 489 Ι

327 610 400 674 823.
423 591 639 676 Excirnoru
656 608 760 700 quodd
776 607 955 689 vinculum,
976 611 1116 701 spectant
1134 606 1175 678 in.
1187 605 1309 700 quibm·

282 699 358 791 dam
375 701 508 797 casibusn
515 697 715 770 matrimonia
728 703 918 786 infidelium,
936 705 1029 771 etiam
1046 720 1266 785 consummata,
1281 717 1310 771 et

282 794 480 863 matrimonia
494 795 732 864 christianorum
743 823 805 865 non
815 814 1037 882 consummata,
1050 799 1106 872 scel
1116 798 1148 864 in
1162 799 1230 866 solo
1241 822 1310 866 casu

210 880 221 898 ⁴
282 884 485 987 professionis
498 889 665 980 religiosae,
680 892 763 960 circla
777 919 845 985 quae
860 892 931 960 vide
947 913 1099 962 auctores.
1113 887 1126 914 ⁴

325 983 409 1052 Nota
426 999 531 1054 tamen
544 984 596 1052 bic
620 989 697 1055 duos
718 1014 839 1056 menses
859 989 898 1055 ad
917 987 1152 1055 deliberandum
1173 988 1213 1055 de
1235 1002 1311 1054 statu

280 1077 431 1170 religioso
444 1097 542 1176 nupto
555 1081 701 1163 concedi,
716 1083 799 1153 intra
809 1109 887 1176 quos
900 1105 963 1150 non
975 1098 1098 1152 tenetur
1112 1084 1247 1151 reddere
1263 1081 1312 1150 de·

280 1175 401 1256 bitum,
422 1173 450 1244 si
463 1173 582 1246 sincer'c
597 1176 747 1246 deliberet
763 1179 830 1270 (rt)3
844 1195 874 1247 et
887 1179 1060 1270 ingressum
1074 1203 1195 1272 semper
1219 1176 1312 1272 possi·

279 1269 377 1336 bilem
393 1281 460 1338 esse
467 1271 605 1364 quandiu
616 1273 848 1342 matrimonium
859 1302 920 1343 non
931 1290 976 1343 est
986 1275 1230 1342 consummatum
1240 1307 1249 1351 ς
1260 1271 1314 1340 scd

280 1375 530 1438 consummatum
544 1371 701 1462 praesumi,
718 1396 780 1436 non
790 1369 983 1438 obstantibus
996 1371 1163 1462 conjugum
1170 1368 1276 1453 dictis,
1287 1365 1315 1436 si

279 1461 393 1532 mulier
406 1463 549 1532 fueritin
561 1463 689 1533 domum
704 1466 764 1531 viri
779 1465 966 1532 introducta.

323 1559 409 1629 Nota
418 1558 542 1639 iterum,
555 1559 750 1624 matrimonio
764 1560 855 1625 etiam
867 1552 1087 1638 consummato,
1100 1583 1190 1651 posse
1202 1569 1313 1640 unum,

281 1653 321 1720 de
335 1678 485 1720 consensu
499 1652 678 1746 compartis,
694 1652 818 1744 ingredi
838 1652 1039 1745 religionem,
1054 1652 1118 1720 imb
1133 1651 1199 1718 sine
1212 1649 1314 1745 ipsius

188 1798 200 1820 „
280 1771 449 1830 consensu,
470 1747 504 1813 in
527 1771 600 1816 casu
618 1747 747 1814 divortii
772 1748 961 1839 legitimi'ci
984 1747 1128 1842 perpetui
1153 1747 1194 1814 ob
1222 1745 1312 1814 adul-

278 1857 407 1912 tenum.
586 1923 588 1930 Ι
1277 1924 1280 1928 g

324 1938 391 2007 Sed
415 1941 494 2022 uno,
519 1937 559 2008 de
579 1963 729 2008 consensu
747 1937 874 2007 alterius
899 1937 1083 2032 religionem
1105 1935 1310 2026 ingrediente,

280 2034 360 2104 alter
370 2036 403 2102 in
418 2035 530 2104 saeculo
549 2061 710 2107 remanens
723 2061 787 2106 non
801 2035 902 2104 solum
916 2035 1023 2128 nequit
1038 2034 1078 2101 ad
1096 2033 1172 2100 alias
1191 2031 1312 2125 nuptias

281 2133 460 2213 convolare,
480 2132 536 2200 sed
558 2133 588 2201 si
599 2133 718 2224 juvenis
730 2133 787 2211 sit,
804 2149 856 2200 aut
870 2151 964 2200 senex
978 2131 1121 2224 quidem,
1137 2130 1192 2197 sed
1206 2130 1245 2197 de
1260 2127 1313 2194 in-

280 2226 468 2294 continentia
480 2216 659 2317 suspecth
676 2228 768 2293 debet
782 2227 831 2294 vel
842 2221 875 2294 et
892 2227 959 2320 ipse
972 2226 1156 2316 religionem
1173 2223 1312 2316 ingredi,¹

279 2317 330 2384 rel
345 2318 563 2393 castitatemjn
580 2319 693 2383 saeculo
703 2332 817 2385 vovere
827 2325 935 2384 ‘'cor-lm
949 2319 1110 2410 Episcopo
1123 2337 1153 2386 et
1168 2319 1312 2388 testibus.

321 2411 364 2478 Et
377 2410 463 2477 idem
475 2410 600 2476 videtur
615 2411 783 2476 dicendum
803 2416 892 2494 crim,
907 2411 1115 2493 deconsensu
1128 2413 1251 2495 uxoris,
1263 2415 1316 2484 vir

280 2506 404 2577 ordines
418 2529 523 2576 sacros
540 2502 682 2597 suscipit.

312 2687 348 2750 (a)
360 2683 423 2734 mn
433 2686 476 2747 qur
486 2684 555 2739 unt
565 2682 691 2744 religionis
701 2681 921 2744 optumum
929 2679 986 2732 anta
996 2683 1113 2733 armenie
1122 2683 1191 2732 num
1199 2663 1313 2747 innuat,

185 2742 192 2751 ⁶
280 2758 323 2806 ant
333 2754 347 2804 a
358 2759 413 2805 roto
433 2756 579 2818 dispensari.

231 2835 237 2848 ·
311 2825 359 2873 Sed
376 2825 521 2883 religionem
538 2823 634 2881 ingredi
643 2833 693 2869 non
705 2822 849 2882 intendens,
863 2822 976 2883 potestne
993 2819 1049 2871 antei
1061 2824 1179 2873 bimestre}
1190 2823 1313 2884 denegare

278 2892 406 2942 debitunt
416 2893 468 2940 Non
479 2892 637 2940 conveniunt.
647 2891 675 2938 ln
686 2891 759 2952 praxi
770 2891 925 2939 inducendus
934 2892 965 2938 ad
975 2893 1137 2942 reddendum.
1153 2888 1204 2941 lmb
1210 2926 1218 2951 ,
1229 2894 1274 2953 qui
1282 2893 1313 2942 do

279 2962 400 3022 religione
411 2961 573 3020 cogitatmus
583 2961 678 3020 nubat,
688 2959 735 3006 nisi
745 2961 837 3006 monito
849 2972 946 3020 sponso.

311 3032 340 3080 nt
354 3031 457 3078 dubium
475 3031 553 3076 eston
569 3029 703 3088 anticipata
723 3030 810 3088 copula
826 3029 1010 3076 matrimonium
1028 3027 1104 3078 iaciat
1125 3031 1261 3094 anticipat&
1278 3026 1312 3082 itt

279 3100 489 3160 consummatam,
500 3099 529 3146 ut
537 3101 659 3160 ingressus
668 3097 696 3145 in
704 3097 850 3158 religionem
861 3098 1021 3159 impossibilis
1031 3100 1127 3150 evadat.

764 3251 828 3317 sn.

322 3407 537 3496 tironium
547 3407 622 3476 verb
637 3404 903 3476 indissolubilitati
914 3406 1019 3500 quobd
1031 3421 1136 3476 torum
1149 3423 1181 3477 et
1192 3408 1311 3494 habita·

279 3503 397 3570 tionem
408 3519 489 3586 scuit,
503 3529 540 3571 err
551 3502 647 3572 Trid.
664 3501 751 3574 Sess.
767 3507 822 3585 al,
835 3518 950 3597 praeter
960 3518 1101 3571 mutuum
1116 3529 1308 3588 consensum,

280 3619 373 3670 canoa
383 3595 539 3688 legitima,
554 3597 735 3682 accedente,
750 3597 807 3666 ubi
820 3604 953 3692 oportet,
969 3597 1081 3688 judicis
1095 3599 1257 3671 sentcntil.

175 3771 181 3781 Ι
322 3689 426 3759 Causa
439 3692 698 3785 autemlegitima
713 3693 755 3760 tri
777 3693 827 3763 lox
844 3692 1003 3789 precipua
1016 3724 1027 3762 ι
1041 3694 1244 3776 adulterium,
1258 3719 1309 3804 pe

238 3835 241 3843 ,
281 3783 416 3854 ticulum
428 3787 539 3858 animae
552 3787 626 3868 (sub
640 3811 703 3881 quo
715 3720 883 3860 inlidelitas
896 3803 949 3858 aut
963 3788 1117 3877 haeresis),
1130 3805 1160 3860 ct
1170 3788 1306 3875 saevitrae.
