2974 4678
581 387 818 444 nncnnocr.
1168 364 1214 468 ὅς’)

228 472 375 544 Tandem
393 487 584 542 assecurator
604 475 696 544 debet
713 475 829 544 habere
850 475 931 543 undis
944 474 1061 553 solvat3
1078 475 1212 569 alioquin

187 567 288 638 nullus
304 580 385 636 esset
396 569 584 652 contractus,
599 583 632 636 ct
650 569 813 638 restituere
823 583 998 653 teneretur,
1013 573 1152 663 quamvis
1166 583 1215 642 rtis

188 663 327 760 periculo
340 662 483 732 evaderet
489 663 548 770 ¹(h).

218 827 256 892 (a)
266 829 411 877 Assecumns
420 839 469 876 non
482 827 561 887 potest
575 829 692 888 consequi
707 829 817 888 pretium
835 828 959 889 integrum
974 785 1175 890 assecurationis,
1191 833 1213 880 ei
1280 842 1284 848 ·

188 909 265 946 naves
279 897 358 945 totum
368 896 470 944 itcrnon
481 895 599 954 fecerint,
611 893 713 957 eiusque
727 897 846 957 integrale
857 898 995 958 periculum
1011 911 1060 946 non
1071 900 1216 961 subierint,-

165 962 166 973 ’
188 965 248 1030 quia
263 964 448 1048 assecumtionis
463 960 627 1051 causa-uptote
645 965 757 1016 consistit
774 967 802 1017 in
817 968 928 1028 periculo
949 967 1056 1017 itineris.
1075 971 1105 1017 Ρ.
1121 969 1213 1020 Antei
1276 1033 1283 1046 ι

190 1035 399 1165 Giiihldtequidem
416 1101 526 1161 pretium
540 1101 732 1172 correspondens
746 1103 810 1164 parti
824 1103 875 1164 rei,
888 1111 937 1165 pro
943 1069 1164 1166 qot'assoouraooa
1174 1105 1213 1156 sat

191 1169 306 1233 habebat,
321 1171 433 1233 accipere
444 1172 535 1234 potest.
545 1173 618 1220 rum.

574 1295 822 1366 trasumenus

484 1514 499 1532 .-
587 1449 625 1498 De
633 1447 807 1532 negotiatione.

227 1591 300 1678 496.
314 1585 515 1656 Nnoormmo
526 1601 573 1654 est
586 1587 665 1654 actio
674 1589 737 1680 ¹qut
749 1581 819 1680 quis
832 1611 950 1657 merces
964 1588 1024 1658 sihi
1038 1606 1208 1688 comparat,

185 1701 219 1753 ut
233 1709 283 1752 eas
297 1683 473 1752 immutatas
484 1707 558 1751 cum
572 1680 658 1751 lucro
671 1684 784 1752 vendat
795 1699 849 1764 aut
861 1699 1026 1782 permutet.

226 1778 329 1848 Licita
352 1777 453 1846 estin
475 1803 604 1868 genere,
629 1778 683 1846 sed
708 1776 878 1872 periculosa
898 1773 930 1848 ct
947 1783 1005 1848 sub
1026 1781 1149 1849 mortali
1171 1809 1209 1850 ex

184 1899 296 1965 genere
317 1898 372 1940 suo
385 1871 542 1966 prohibita
556 1871 676 1942 clericis
691 1889 721 1942 et
734 1873 892 1942 monachis
909 1875 1005 1944 variis
1020 1878 1207 1960 canonibus,

187 1967 326 2060 quamvis
351 1993 408 2061 per
422 1967 498 2036 alios
518 1967 606 2058 illam
627 1967 781 2048 facerent,
804 1969 888 2060 quod
908 1969 1006 2037 vetuit
1021 1969 1209 2039 Benedictus

189 2063 271 2130 xlv
285 2064 318 2131 in
333 2062 443 2130 litteris
466 2057 653 2157 apostolicis?
668 2066 708 2132 26
730 2061 881 2132 februarii
891 2070 992 2156 1741,
1020 2081 1050 2133 et
1064 2061 1209 2134 Clemens

188 2153 312 2226 xlllin
325 2152 411 2226 built
423 2157 693 2246 Quamprimum,
711 2163 802 2249 1759.
1141 2183 1143 2188 ⁴

228 2252 264 2322 si
273 2250 399 2322 familias
409 2252 571 2322 necessitas
586 2251 699 2348 exigat,
711 2253 967 2348 dispensationem
977 2255 1134 2325 obtineant
1145 2255 1206 2346 (a).

216 2421 252 2486 (o)
264 2423 330 2472 Unus
340 2423 383 2472 aut
400 2421 463 2471 alter
473 2423 541 2472 actus
558 2424 753 2483 negotiatIonem
770 2437 819 2472 non
835 2424 1003 2475 constitueret.
1021 2425 1209 2479 attendissent

144 2537 146 2544 ,
186 2491 286 2558 iusuper
294 2505 326 2539 an
342 2491 446 2541 clericus
455 2492 497 2542 vel
514 2493 649 2545 monachus
658 2494 817 2553 negotiationi
832 2507 922 2542 uacans
932 2494 996 2542 lucri
1007 2496 1143 2556 cupiditate
1157 2509 1210 2546 mc·

185 2563 271 2612 icatur
280 2563 306 2610 et
315 2574 347 2610 an
357 2564 456 2622 propter
466 2575 538 2623 curas
546 2563 693 2622 temporales
702 2561 779 2610 statiis
788 2563 873 2610 munia
881 2564 1000 2630 negligat.
1011 2566 1068 2612 llaec
1083 2565 1149 2612 enim
1160 2567 1210 2615 duo

184 2625 305 2678 ictericis
321 2643 448 2678 removere
468 2629 577 2680 intcmtit
596 2631 714 2679 Ecclesia.
732 2632 800 2679 lunc
811 2633 894 2678 autem
910 2631 1047 2680 mortaliter
1059 2645 1162 2692 peccare
1172 2634 1210 2681 vl-

185 2699 267 2760 detur,
274 2700 296 2747 si
306 2700 465 2758 negotiationi
472 2700 634 2762 personaliter
651 2701 728 2756 soleat
738 2700 851 2751 insistere
865 2701 906 2751 uel
916 2700 974 2748 aliis
991 2701 1097 2760 negotiis
1108 2703 1209 2751 sucula·

186 2767 262 2815 ribus.
278 2768 392 2816 utttoort·

216 2834 265 2881 Sed
279 2841 359 2894 neque
378 2833 523 2896 venialiter,
541 2837 562 2885 si
578 2836 683 2897 nogotiis
697 2833 856 2885 secularibus
874 2837 1012 2886 immisceat
1029 2850 1056 2884 se
1068 2839 1172 2887 clericus
1183 2841 1210 2889 iu

187 2901 381 2962 sublevationem
395 2914 545 2968 pauperum,
564 2906 729 2966 pupillorum
746 2908 788 2956 aut
805 2908 827 2955 si
843 2901 921 2955 aliter
930 2919 971 2957 res
979 2907 1079 2955 tamillae
1090 2909 1210 2968 perituros

186 2971 243 3018 siut.
575 2995 577 3000 ·

152 3047 157 3058 ‘
216 3041 244 3086 at
255 3038 409 3089 excusandus
418 3037 517 3091 ridetur
526 3037 684 3100 clericus'aut
694 3042 877 3104 monachusqui
889 3043 1049 3105 recreationis
1064 3044 1150 3104 carust,
1166 3045 1210 3092 aut

186 3108 214 3154 ut
223 3109 426 3169 propriaeinopiae
443 3111 587 3170 subveniat,
609 3112 688 3160 artem
701 3111 810 3174 aliquam
821 3113 948 3162 honestem
966 3115 1084 3173 exercet,
1094 3113 1152 3176 quia
1162 3113 1209 3161 hoc

185 3188 234 3224 riou
243 3181 280 3227 est
289 3177 385 3228 iulilare
396 3178 499 3229 lucrum.
510 3183 583 3230 licus

568 3326 740 3389 SECTIO
761 3329 823 3388 lll.

537 3476 572 3524 lte
586 3477 706 3536 iniustitia
717 3479 743 3528 tn
754 3479 858 3529 cambio.

226 3620 298 3704 497.
314 3613 528 3684 Certumnest
547 3618 731 3712 permutatio
751 3621 889 3714 pecunias
906 3621 1123 3718 cumpescuit
1139 3645 1210 3715 curn

184 3707 270 3778 lucro
283 3711 464 3806 sampsonis.
536 3734 538 3740 ’
887 3735 888 3744 ’
1079 3729 1082 3734 ’

225 3806 260 3871 si
272 3831 400 3899 pecunia
409 3831 544 3900 praesens
560 3823 631 3878 cum
641 3811 785 3906 praescnti
797 3811 928 3882 diversae
941 3807 1068 3884 rationis
1077 3811 1212 3881 cambio·

185 3913 248 3980 tur,
266 3902 418 3970 comitium
431 3921 555 3973 vocatur
570 3906 723 3975 minutum
738 3933 791 3975 seu
802 3905 954 3982 manuale,
