2964 4674
557 349 831 431 putamen*
946 327 949 333 ¹
1065 427 1067 430 ,
1134 353 1208 429 203

167 460 256 526 quenti
266 454 339 513 modo
347 457 635 518 mendaciumsradendi
644 461 788 524 rorastis:
802 459 1118 528 destitisti-Respondes
1128 461 1208 528 Qntoed

180 533 376 586 schscmtDens.

169 538 187 632 s·
198 598 234 666 (t)
240 602 377 660 exemptas
387 599 416 647 ln
426 597 545 647 nundinis
551 597 652 659 quidam
658 596 720 646 dicit
727 611 735 646 ε
743 599 857 650 Vidistine
864 597 1204 661 Princmialterrespondett

164 673 235 729 Noa,
246 672 292 718 sub
304 668 467 728 intelligendo
478 668 539 718 lteri.
547 670 582 716 En
592 667 716 716 restrictio
727 663 789 728 pepe
800 668 925 716 mentalis.
935 670 953 714 l:
963 663 1048 718 contri
1058 670 1080 717 sl
1090 681 1207 730 querens

166 740 229 788 velit
242 736 312 787 illico
329 733 398 798 loq'ui
416 737 487 784 Petro
497 770 505 796 ,
516 737 542 784 et
552 737 638 784 dicata
651 739 764 786 Vidistine
782 737 896 785 Petram?
912 740 941 786 Et
959 738 1023 786 alter
1037 740 1203 798 respondente

108 853 109 858 ,
165 809 234 870 dion3
245 807 360 870 quamvis
370 805 424 854 heri
435 806 592 867 viderit,aut
601 800 691 865 mane,
702 807 746 854 sed
754 806 806 865 jam
817 805 917 855 abierit.
927 807 970 856 Est
979 806 1104 856 restrictio
1112 810 1205 872 realis,

165 871 226 938 q'uia
236 877 365 937 responsio
375 876 452 924 restat
462 875 592 925 conformis
602 875 746 935 quaestioni.

197 947 358 994 0heamdem
369 943 1095 1005 rationem,mendacianonvidenturusitataeostiariorum
1104 955 1207 1006 respon·
1306 961 1308 966 ·

165 1012 248 1061 aiones
259 1027 267 1062 a
278 1017 353 1062 Heres
363 1008 455 1062 oon'est
462 1015 535 1062 domi.
551 1012 580 1060 ld
591 1013 629 1061 est
638 1025 646 1058 c
655 1007 684 1060 at
694 1014 806 1074 possis-ei
815 1011 961 1074 tonsillam
972 1025 979 1060 t
989 1015 1075 1064 Mutuo
1085 1015 1145 1063 milti
1162 1029 1205 1076 pe-

165 1084 270 1130 caaiom.
282 1083 432 1142 Responsiot
444 1085 499 1130 lion
512 1083 596 1130 lacteo.
616 1081 665 1129 Sed
676 1083 743 1142 haec,
753 1083 780 1131 et
791 1083 898 1143 similia,
911 1082 1041 1132 mendacia
1052 1083 1133 1133 iorent
1144 1080 1204 1148 ergl

166 1162 209 1197 eos
218 1153 263 1211 qui
271 1153 333 1199 tales
344 1151 507 1211 respondendi
518 1151 602 1199 modos
613 1152 739 1210 ignorant,
750 1164 797 1200 nec
807 1153 972 1212 suspicantur.

196 1215 428 1281 (c)Gi1mdhristus,
440 1233 467 1268 v.
477 1215 524 1280 tn,
535 1231 620 1267 comm
627 1219 756 1279 discipulis
766 1221 884 1271 euntibus
893 1221 1018 1282 Emmaus,
1029 1221 1102 1271 linxit
1113 1235 1138 1270 se
1149 1223 1204 1272 lon·

165 1283 221 1345 eihs
230 1287 275 1335 ire.
287 1283 371 1335 solim
381 1288 450 1334 enim
462 1288 599 1347 composuit
616 1300 713 1347 gressus
723 1289 789 1337 sicut
804 1290 826 1338 is
840 1289 884 1350 qui
895 1285 992 1348 longids
1006 1291 1087 1338 iturus
1098 1291 1203 1353 luisset,

164 1354 196 1402 ad
206 1355 351 1404 excitandos
371 1356 506 1416 discipulos
523 1357 555 1403 ad
572 1357 775 1416 hospitalitatem.
790 1358 820 1405 nt
833 1370 900 1405 nunc
918 1355 1029 1417 quotidie
1049 1359 1144 1408 iaciunt
1158 1359 1203 1420 qul

165 1425 232 1483 apud
246 1425 355 1485 aliquem
377 1425 497 1484 hospitari
508 1423 659 1474 desiderant.
670 1426 711 1473 Sic
727 1427 805 1476 etiam
822 1428 937 1488 parentes
952 1426 1085 1476 ostendunt
1094 1440 1121 1476 sa
1130 1428 1203 1490 quasi

157 1491 243 1544 'iratos
250 1496 280 1544 ut
289 1489 305 1542 a
314 1494 380 1542 malo
390 1505 483 1555 pueros
493 1495 636 1542 cohibeant.
644 1497 718 1543 Deos.
783 1503 786 1510 ’

206 1631 279 1716 617.
297 1624 403 1693 Ornhe
410 1624 614 1692 mendacium
625 1640 788 1718 peccatum
798 1640 856 1708 est,
870 1624 944 1720 quia
955 1640 1001 1694 est
1017 1627 1124 1695 contri
1135 1650 1201 1695 rec·

165 1737 231 1788 tam
239 1719 406 1804 rationem,
421 1723 528 1787 contr'a
538 1718 711 1812 Deumqui
721 1734 769 1788 est
777 1745 900 1789 summa
909 1721 1072 1806 veracitas,
1088 1737 1118 1790 et
1129 1747 1201 1791 con·

164 1819 216 1884 tra
228 1814 407 1908 proximum
420 1812 472 1882 cui
484 1813 599 1882 veritas
618 1813 760 1885 debetur.

207 1908 276 1978 lmh
289 1909 485 1977 mendacium
500 1908 710 2004 perniciosum
725 1932 889 2000 exgenere
903 1933 958 1977 suo
971 1908 1103 1978 mortale
1120 1925 1177 1979 est.

208 2005 356 2074 Jocosum
369 2020 473 2073 autern
487 2021 517 2073 et
528 2004 720 2086 officiosum,
738 2030 795 2098 per
809 2030 843 2073 se
857 2003 960 2072 solem
973 2003 1122 2088 venialia,
1140 2002 1201 2076 etsi
1299 2048 1305 2054 ·

165 2128 223 2199 per
236 2100 402 2182 accidens,
415 2102 470 2169 sed
482 2105 570 2182 rard,
586 2099 731 2168 mortalia
746 2125 813 2168 esse
828 2116 965 2194 possent.

207 2197 345 2267 Poscant
358 2200 433 2288 ergo
446 2196 583 2288 graviter
595 2196 751 2287 theologi,
768 2196 921 2280 casuistae,
935 2195 1120 2291 jurisperiti,
1134 2222 1201 2267 me·

168 2293 250 2376 dici,
269 2309 349 2375 etc.,
375 2293 442 2385 qui,
459 2319 514 2361 seu
526 2292 559 2360 in
574 2292 652 2372 fide,
675 2318 731 2360 seu
744 2292 923 2378 immateriai
941 2318 1083 2374 morum,
1102 2293 1201 2363 scuin
1274 2343 1276 2350 ι

166 2388 397 2485 interpretando
417 2389 521 2481 leges,
548 2402 629 2470 etc,
648 2387 768 2481 aliquid
782 2386 854 2455 falsi
869 2387 980 2458 docent
999 2389 1083 2457 unde
1097 2386 1200 2456 inimi·

167 2501 239 2554 neat
251 2484 359 2580 pietati
383 2500 435 2553 aut
456 2484 599 2578 proximo
618 2483 837 2552 detrimentum
851 2509 964 2575 grave;
983 2509 1041 2552 nec
1062 2485 1141 2567 ulla,
1165 2484 1200 2554 in

167 2582 229 2650 fide
239 2595 291 2649 aut
304 2579 462 2661 moribus,
482 2605 628 2648 excusare
640 2595 741 2672 potest
754 2578 864 2646 levitas
874 2581 1026 2648 materiae.

208 2675 254 2742 Et
266 2675 321 2768 qui
334 2674 368 2741 in
381 2669 578 2742 concionibus
593 2675 674 2743 falsa
686 2673 853 2756 miracula,
874 2673 970 2743 falsas
984 2673 1133 2768 reliquias
1146 2688 1200 2742 aut

168 2769 375 2861 indulgentias
389 2768 587 2854 annuuntiant,
602 2785 655 2838 aut
669 2767 784 2839 sanctis
797 2770 886 2840 dotes
901 2768 1099 2862 imaginarias
1114 2768 1200 2837 attri-

169 2864 281 2934 buunt.

210 2961 325 3051 Quedd
339 2958 529 3054 hypocrisim
544 2991 552 3028 ε
567 2960 708 3028 mortalis
720 2975 766 3028 est
777 2959 804 3027 si
815 2960 1010 3028 sanctitatem
1023 2973 1200 3029 contemnat

168 3057 348 3151 hypocrita,
372 3072 426 3125 aut
440 3083 510 3125 eam
532 3058 658 3126 simulet
672 3073 708 3124 ut
735 3057 909 3125 doctrinam
923 3055 1035 3125 falsam
1055 3053 1197 3151 spargat,
1217 3093 1222 3102 -

170 3152 390 3221 beneficiumve
400 3168 453 3220 aut
462 3152 599 3222 officium
609 3152 746 3221 notabile
753 3153 902 3236 obtineat,
915 3177 980 3248 quo,
988 3151 1134 3244 indignus
1145 3149 1196 3220 sit.

588 3364 592 3372 .
644 3321 726 3388 sul.

576 3469 623 3552 *lie
634 3469 788 3520 adulatione.

212 3611 285 3680 618.
304 3607 486 3693 Anunarro,
501 3611 640 3704 quiquis
652 3611 914 3722 ergiproximum
930 3611 1049 3680 excedit
1059 3611 1092 3680 in
1104 3611 1202 3682 laude

173 3720 202 3772 ct
215 3703 456 3799 complacentid,
478 3705 619 3776 mortalis
633 3711 697 3790 est',
720 3733 747 3776 sn
761 3707 898 3799 graviter
911 3705 1056 3775 charitati
1071 3723 1204 3777 contra-

171 3797 283 3884 rietur3
299 3815 334 3869 ut
347 3800 426 3870 side
439 3802 699 3897 peccatomortali
713 3802 766 3888 sit,
781 3818 833 3873 aut
847 3801 913 3893 ejus
927 3801 1117 3885 occasionem
1129 3827 1205 3897 pro.-

172 3895 287 3966 ximam
300 3897 451 3992 praebeat.
