2950 4680
263 267 331 342 ²92
414 227 656 330 nn'ournro
675 257 725 315 nn
747 259 881 314 srrxno
904 257 1136 332 nuncnune

259 354 303 402 ani
317 347 453 412 suspicatus
462 347 539 399 inerit
550 361 583 398 cr
593 349 838 410 interrogationibus,
850 345 910 398 (ibin
923 348 995 398 mulii
1006 346 1051 398 diri
1061 349 1088 398 in
1098 348 1159 400 titio
1167 357 1288 411 wreus«

259 415 543 482 santonia-nuliatenus
551 421 649 468 autnon
657 415 809 470 sufficienter
819 418 921 470 luerunt
930 418 1083 478 interrogati.
1128 437 1130 443 ·

666 563 809 616 REGULA
821 563 873 614 111.

246 776 248 780 .
301 732 373 803 7¹9·
388 709 553 778 Econrrtn
568 733 638 777 cum
650 709 750 802 iisqui
761 708 906 801 graviora
916 708 1108 789 curlitentnn
1123 710 1143 776 ὲ
1156 709 1283 798 majori·

258 801 317 874 lius
334 807 375 874 ad
391 804 512 878 minora
527 821 572 874 'cst
590 804 1183 898 ininterrogationibusprocedendum.
1201 805 1282 875 tiaec

258 899 340 971 eninr
354 899 486 981 minora,
504 899 703 991 cogitationes
716 903 846 994 nempe,
859 898 1025 978 desideria,
1046 915 1186 992 aspectus
1204 899 1281 968 libi·-

258 996 382 1066 dinosos
396 995 429 1085 in
441 995 535 1072 facie,
552 997 585 1062 in
598 1012 740 1089 pectore,
760 994 873 1088 quibus
888 993 1017 1084 singulis
1029 994 1096 1062 lert!
1115 993 1200 1063 lroris
1214 1021 1281 1076 seso

257 1087 428 1172 maenlant,
442 1111 504 1157 non
518 1091 689 1158 attendunt.
706 1089 789 1158 Sunt
799 1089 882 1158 enirn
895 1105 1022 1182 peccata
1040 1089 1200 1171 distincta,
1225 1117 1281 1160 nec

258 1185 374 1254 sufficit
384 1187 468 1279 quod
483 1184 689 1253 confessarius
702 1207 738 1252 ca
751 1200 914 1278 supponat,
926 1210 998 1252 nam
1011 1209 1047 1250 ex
1062 1184 1192 1251 concilio
1207 1184 1283 1252 Tri·

258 1279 385 1348 deniino
405 1279 556 1349 declarari
578 1280 708 1362 debent,
728 1298 785 1347 nce
804 1294 875 1354 sunt
895 1275 928 1348 in
950 1279 1092 1346 otnnibus
1107 1277 1283 1347 libidinosis

256 1399 385 1442 numero
398 1375 539 1468 aequalia,
552 1375 628 1469 quin
640 1375 744 1468 potiirs
758 1369 849 1468 longit
863 1375 897 1444 in
911 1366 980 1444 aliis
994 1376 1088 1468 quarn
1097 1373 1131 1440 in
1143 1371 1212 1441 aliis
1225 1395 1283 1442 nct-

257 1493 345 1537 mero
358 1471 488 1559 majora.
1099 1495 1102 1498 ·
1238 1483 1247 1491 ”

298 1563 394 1633 Fides
409 1565 460 1632 vix
479 1562 656 1634 adhibenda
670 1562 903 1654 aggressoribus
919 1565 991 1631 ciam
1012 1561 1116 1630 dicunt
1129 1553 1230 1630 nullas
1247 1583 1282 1632 se

258 1655 402 1728 habuisse
420 1663 506 1728 extra
533 1675 635 1726 actum
656 1659 856 1748 cogitationes
874 1674 904 1726 et
924 1658 1078 1726 rlcfsideria
1097 1657 1198 1746 mala;
1225 1655 1281 1724 secl

257 1751 366 1822 id'non
377 1758 449 1823 rari)
462 1754 649 1822 credendum
658 1753 780 1822 videtur
790 1752 829 1821 (lc
845 1752 883 1820 iis
898 1751 950 1846 qui
964 1751 1087 1820 criurini
1097 1753 1155 1820 sim
1158 1747 1281 1847 pliciter

259 1875 440 1921 eonsensum
452 1849 614 1932 dederunt,
630 1848 672 1918 acl
682 1873 825 1918 venerem
838 1848 962 1919 aliunde
979 1873 1040 1918 non
1049 1847 1215 1944 proclives.

671 2021 813 2070 REGULA
824 2021 870 2072 IV·

228 2177 235 2186 '
302 2189 374 2254 720.
386 2161 607 2244 Iuournnrcnuu
618 2153 762 2234 ‹le'modo
774 2179 803 2232 et
816 2154 1053 2232 circumstantiis
1064 2187 1132 2257 quae
1147 2162 1280 2256 speciebr

257 2275 388 2338 mittant,
396 2259 454 2326 nisi
463 2261 664 2352 probabiliter
672 2260 779 2340 inactn
786 2275 927 2326 accusato
934 2257 1207 2326 noninvcnircutur
1215 2260 1278 2345 (a).

258 2353 323 2422 sed
335 2357 459 2450 excepti
472 2356 558 2422 actius
569 2354 741 2434 duratione,
754 2353 794 2420 cle
804 2356 865 2445 quoi
879 2353 994 2446 inquiri
1009 2353 1112 2435 dehet,
1128 2354 1153 2422 si
1171 2369 1280 2445 agatur

258 2447 366 2516 saltem
382 2449 421 2518 ‹le
442 2451 560 2518 actibus
575 2446 720 2524 internis}
744 2448 783 2515 de
804 2448 905 2515 modis
927 2447 1164 2542 particularibus
1191 2447 1280 2516 aliis·

222 2547 318 2638 (quc
330 2544 568 2613 circumstantiis
581 2568 650 2636 quae
663 2542 814 2610 malitiam
830 2543 910 2610 lor-te
924 2541 1103 2611 notabiliter
1120 2559 1279 2632 augerent,

257 2653 376 2706 nonest
389 2637 621 2732 inquirendum
638 2637 698 2706 hoc
712 2638 794 2706 eninr
808 2637 953 2706 loetidum
964 2637 1058 2714 nimis
1076 2651 1106 2708 ci
1127 2637 1281 2736 periculo·

257 2737 396 2819 sumto).

232 2929 236 2936 -
248 2945 251 2949 ,
288 2899 324 2961 (α)
336 2901 510 2962 inquirendum
520 2901 553 2950 rie
564 2903 787 2965 consanguinitate,
802 2904 866 2964 eto,
877 2903 903 2953 et
913 2901 945 2953 cia
953 2901 1071 2964 impediti
1082 2903 1242 2966 conceptione
1252 2903 1280 2952 in

140 3013 141 3017 ,
255 2968 423 3018 iornioaiionis
433 2971 498 3018 actu.
510 2970 557 3016 Sed
568 2966 609 3018 iric
621 2969 712 3029 magni·
720 2985 781 3033 opus
790 2971 886 3021 cantetis
895 2975 923 3020 ut
938 2973 1057 3020 matitiarn
1073 2973 1138 3021 banc
1148 2973 1187 3020 tet
1199 2969 1282 3032 potiris

167 3068 168 3071 =
255 3039 349 3096 scetus,
358 3050 407 3098 non
418 3039 567 3087 edoceantur
573 3039 615 3099 qui
627 3041 672 3087 troc
682 3041 809 3100 ignorant,
820 3042 865 3088 etsi
876 3041 949 3100 pauci
959 3041 1018 3100 sint,
1028 3041 1174 3102 dicendum,
1185 3054 1213 3089 r.
1222 3054 1278 3100 unt

254 3104 438 3170 Itituconccpio
446 3111 519 3170 protes
528 3108 541 3156 i
549 3111 609 3171 Quid
627 3105 746 3170 iinpectr'iti
757 3106 820 3158 Ntcm
830 3108 865 3172 (si
874 3109 1148 3174 pneitainterrogeinr)
1163 3111 1217 3160 icario
1228 3123 1281 3158 arto·

255 3175 796 3229 truaconccrrticturtniimeamcorrecturus?
870 3241 872 3245 y
1253 3181 1257 3189 “

288 3245 322 3309 (b)
334 3249 373 3296 Sic
385 3248 559 3308 conmuniter,
570 3247 647 3307 qnia,
659 3248 867 3309 inquii-Biituart,
888 3243 966 3295 sattius
976 3249 1013 3298 cst
1028 3249 1118 3296 statum
1136 3248 1282 3308 poenitentis

252 3325 305 3363 non
313 3317 411 3366 omnin'o
423 3319 574 3378 intelligere,
585 3314 657 3364 morib
668 3319 750 3366 tarnen
761 3317 912 3365 subiciuntur
922 3319 1096 3376 couniuntur,
1107 3313 1180 3379 quin
1195 3320 1281 3366 conta·

255 3388 384 3434 minutioni
399 3401 425 3435 se
437 3399 561 3447 exrronore
571 3388 614 3433 aut
624 3389 796 3446 poerritontern.
806 3386 865 3445 Qnoe
882 3387 1004 3434 sententia
1019 3387 1045 3434 in
1055 3387 1184 3447 principiis
1195 3387 1283 3434 iuncta·

256 3453 311 3512 irrr3
323 3453 349 3502 in
360 3455 403 3500 itio
411 3451 500 3516 nenrpb
511 3452 575 3515 qubcl
588 3456 654 3515 leges
665 3456 791 3514 positivae,
807 3455 887 3513 quatis
901 3454 942 3501 lex
953 3455 984 3502 de
996 3455 1137 3513 integritate
1149 3455 1283 3502 contessio-

255 3521 295 3570 nis
304 3554 312 3579 ‚
322 3535 371 3570 non
381 3523 490 3583 obligent
501 3536 558 3572 curn
571 3525 639 3584 graui
663 3521 825 3571 inconrrnodo.
837 3521 885 3570 Seri
901 3519 958 3570 lucil·
970 3523 1166 3571 conciurlenrlurn
1181 3523 1282 3570 videtur

255 3585 322 3650 qu'ott
334 3591 359 3638 in
369 3591 466 3640 casibus
476 3593 503 3640 in
515 3593 606 3654 quibus
615 3593 711 3641 nultnrn
723 3592 760 3639 est
768 3603 814 3638 nec
823 3603 867 3652 pro
877 3591 1012 3651 prrrritente
1023 3603 1069 3638 nec
1078 3603 1123 3650 pro
1134 3589 1282 3638 confessario

256 3658 394 3718 pericnlum
404 3661 530 3721 probabile
542 3660 551 3724 l
562 3660 604 3724 qui
616 3662 685 3708 casus
697 3671 745 3706 non
755 3660 812 3706 suut
824 3655 898 3708 antrib
910 3658 1067 3706 examinandi
1080 3657 1108 3721 )‚
1122 3652 1281 3710 interrogatio

255 3726 310 3774 lieri
321 3727 476 3779 (lobecinum
487 3729 647 3792 probabiliter
657 3727 796 3787 suspicatur
807 3727 881 3776 tuisse
892 3727 918 3774 iu
928 3725 1010 3784 modo,
1020 3726 1088 3784 cte..
1098 3721 1217 3772 malitiosa
1234 3732 1280 3773 nn·
1375 3753 1378 3758 .

237 3835 241 3846 .
256 3794 365 3846 iobtiitor
374 3799 508 3860 urniororn,
523 3790 650 3859 precipui
662 3805 720 3844 cunt
736 3793 891 3865 experientii
910 3793 1004 3842 constat
1020 3792 1086 3840 circe
1100 3786 1281 3850 buainqnietos
