2974 4678
267 331 334 421 rot
423 378 427 388 ·
525 359 1038 417 nusnerrirornoncurro

302 439 369 508 sed
384 465 451 508 ⁴non
463 457 585 512 tenetur
596 447 640 514 de
657 447 873 531 detrimentis,
896 476 972 546 qua!
989 452 1035 521 rei
1059 453 1207 545 deposltae
1226 455 1292 526 sine

257 531 743 634 secto-suoadvenerunt(1933,
763 548 850 632 eto).
890 557 894 564 '
1226 591 1229 594 ·
1297 605 1304 614 «

299 627 478 722 Deponenti
493 648 597 714 autem
610 636 670 702 soli
684 653 737 706 aut
750 638 869 708 haeredi
881 643 1001 732 ejus(o)
1012 658 1065 710 aut
1081 644 1115 719 ei¹
1128 645 1214 734 eujus
1229 672 1301 714 no*-

256 721 341 790 mine
364 725 486 794 factrmr
505 743 552 796 est
577 730 768 822 depositum,
798 735 849 803 vel
873 762 1013 829 personae
1036 739 1077 807 ad
1101 739 1180 810 illud
1204 741 1290 814 reoi-

256 817 407 908 piendum
419 820 588 911 designatae
599 828 691 896 reddi
700 830 814 913 debet,
828 833 889 900 nisi
900 859 950 902 res
966 835 1137 928 reperiatur
1151 863 1216 904 esse
1226 837 1290 906 fur-

254 913 320 980 tiva
331 915 401 1000 (ὣς
427 916 537 1011 inquo
552 946 625 991 casu
640 924 816 1017 depositum
831 929 957 997 domino
980 930 1028 998 rei
1042 931 1291 1004 denunciandum·

259 1009 561 1104 est(1937,1938).
755 1028 775 1102 j

295 1101 416 1199 Excipe
429 1108 532 1177 adhuc
543 1111 570 1179 si
581 1112 739 1207 deponens
752 1141 815 1183 non
829 1116 871 1185 sit
882 1118 1015 1212 amplids
1028 1121 1076 1188 sui
1089 1122 1166 1212 juris
1179 1155 1187 1201 ;
1213 1139 1286 1193 tunc

254 1197 338 1266 enirn
351 1201 468 1292 jurium
482 1207 549 1296 ejus
563 1224 594 1275 et
607 1209 761 1284 bonorum
775 1213 1020 1284 administratori
1034 1216 1228 1290 reddendum
1239 1235 1286 1290 esi

253 1293 276 1362 d
335 1296 446 1384 situm,
462 1305 527 1392 ot'e
540 1308 648 1381 contri
664 1307 778 1398 (1937,
797 1310 886 1395 oto).
910 1329 912 1334 '

277 1319 378 1458 Ἥίηο
395 1394 544 1465 conclude
555 1399 779 1493 depositarium
789 1402 974 1492 injustitiam
988 1407 1180 1479 committere
1188 1464 1200 1492 ,,
1211 1411 1237 1509 si
1248 1435 1284 1484 re

251 1483 394 1580 depositi
406 1507 509 1558 utamr
519 1492 586 1573 s'ure
596 1521 764 1580 consensu,
780 1498 890 1568 saltem
902 1502 1071 1593 prudenter
1077 1521 1282 1599 praesumpto,

252 1577 434 1672 deponentis
448 1587 574 1678 (1930),
591 1588 678 1659 Vide
692 1607 770 1666 sect,
788 1617 818 1674 s,
836 1599 868 1677 3,
883 1602 920 1676 i,
937 1619 1007 1690 cap.
1025 1627 1042 1664 2
1055 1651 1064 1681 ,
1078 1599 1128 1666 tit.
1149 1629 1184 1668 11
1199 1655 1207 1684 ,
1222 1602 1280 1674 lii.

253 1673 344 1760 3(e).
823 1746 826 1754 ,

283 1833 319 1894 (a)
332 1836 393 1881 ltem
403 1836 424 1882 sl
435 1837 574 1898 depositum
583 1841 654 1890 cedat
664 1843 691 1891 in
700 1847 856 1894 commodum
866 1847 1011 1910 utriusque,
1023 1852 1079 1910 ant,
1088 1851 1282 1912 inquito-uou-

250 1901 314 1962 rior,
323 1904 343 1950 si
355 1905 392 1951 roi
403 1917 462 1954 usus
476 1905 625 1968 depositorio
633 1914 809 1974 permittatur3
821 1916 880 1970 tune
891 1918 958 1964 enim
969 1920 1033 1968 esset
1046 1916 1128 1980 potiris
1145 1926 1282 1977 commoda·

249 1971 304 2018 tum
314 1967 388 2032 qu'am
397 1974 548 2035 depositum.
561 1979 613 2026 Nou
624 1981 752 2030 crederem
762 1986 846 2033 tamen
855 1983 922 2046 quid
931 1984 1031 2048 striott3
1043 1990 1153 2050 alioquin
1167 2003 1200 2039 ex
1208 1995 1282 2058 culpi

250 2038 377 2088 levissima
385 2042 514 2092 teneretur
522 2047 581 2094 tuno
592 2049 765 2109 depositarius.
1286 2071 1288 2076 '

280 2107 305 2152 si
317 2109 401 2156 aulem
410 2111 438 2158 in
448 2125 536 2161 rerum
542 2118 657 2165 mutuum
665 2121 805 2180 depositum
815 2125 967 2184 transiimot,
980 2127 1057 2173 etlam
1065 2127 1097 2183 de
1108 2141 1166 2176 casu
1179 2131 1287 2183 fortuito¹

248 2175 378 2222 teneretur
386 2178 562 2242 depositarium
573 2187 633 2244 quia
644 2201 684 2235 res
695 2193 761 2236 esset
769 2189 855 2241 stricte
865 2206 918 2241 suu.
932 2194 981 2241 Sed
991 2197 1104 2254 quamvis
1120 2202 1222 2250 concedi
1232 2217 1281 2252 uon

248 2243 326 2302 possit
337 2257 396 2292 usus
406 2249 444 2294 rei
452 2251 628 2309 primariousu
642 2259 856 2318 consumptibilis,
865 2261 913 2306 nisi
926 2261 1079 2322 urimenus,
1090 2268 1191 2316 evenire
1197 2273 1281 2322 tamen

247 2310 329 2370 potest
338 2314 365 2360 ut
379 2313 405 2360 in
417 2314 554 2365 intentione
566 2320 712 2379 deponentis
727 2328 753 2372 et
763 2325 910 2385 {depositarii
920 2330 1005 2377 teneat
1022 2341 1119 2390 semper
1135 2329 1230 2394 iliquid
1248 2341 1280 2390 de

248 2377 373 2437 deposito,
388 2375 472 2442 iiiut,
483 2395 509 2432 v.
520 2398 556 2444 g,
565 2390 681 2436 mutuum
692 2392 718 2437 in
728 2393 794 2451 quod
804 2395 903 2442 transiit
914 2396 1013 2444 lectum·
1020 2399 1053 2444 sit
1063 2403 1211 2458 precarium.

278 2443 313 2507 (t)
323 2447 422 2496 Etiamsi
432 2453 572 2502 contractus
585 2456 686 2516 tempus
695 2461 843 2511 redditionis
856 2463 1043 2526 determinairit3
1054 2469 1112 2526 quia
1129 2471 1155 2519 in
1169 2473 1280 2528 livorem

246 2514 325 2562 solius
334 2516 480 2576 deponentis
490 2521 681 2576 determinatum
690 2530 736 2589 est,
748 2546 761 2571 α
773 2525 787 2576 i
797 2531 877 2578 moins
887 2533 948 2593 qu’il
958 2534 1064 2584 n'existe
1074 2539 1144 2587 entre
1152 2542 1280 2600 les-maius

247 2597 263 2622 o
272 2581 306 2628 du
317 2579 464 2644 dipositaire
474 2601 524 2636 une
536 2591 701 2655 miste-arrei,
711 2608 743 2644 on
756 2589 805 2645 ime
817 2602 956 2660 oppositlon
973 2598 1022 2653 ila
1040 2606 1184 2660 restitution
1200 2618 1227 2665 et
1245 2631 1279 2670 au

247 2649 719 2722 »deplaoementdelaelrosodeposde
731 2663 866 2730 utilitati).
1030 2727 1032 2737 ,

194 2743 195 2746 =
255 2775 257 2780 Ι
278 2715 312 2782 (o)
324 2737 340 2778 t
348 2717 391 2787 S’il
402 2735 444 2782 ya
458 2725 722 2793 plusieurs'heritiers,
732 2731 741 2796 (
753 2736 876 2804 laeliose)
894 2739 949 2788 doit
968 2739 1020 2792 dire
1035 2747 1130 2796 reudue
1146 2746 1160 2798 i
1181 2753 1286 2818 chaeur,

247 2803 261 2828 »
272 2787 346 2836 d'eux
355 2803 418 2848 pour
428 2785 483 2851 leur
493 2798 568 2854 quote
579 2801 634 2858 part
646 2803 671 2849 et
680 2805 785 2860 portion.
798 2807 823 2854 Sl
838 2801 862 2856 la'
873 2811 951 2858 chose'
964 2814 1002 2860 esi
1012 2815 1160 2869 indivisible
1181 2824 1219 2873 les
1234 2824 1286 2876 lui-¹

246 2873 261 2898 »
271 2857 354 2904 ritiers
363 2858 464 2908 doivent
474 2863 684 2918 s’aeoorderentre
699 2885 749 2921 eur
759 2887 822 2934 pour
830 2866 857 2925 'la
867 2882 1000 2929 reeoroir.»
1012 2882 1023 2946 (
1032 2887 1093 2935 l959
1105 2887 1122 2950 l.

256 2925 510 3041 iiiiiitidioneposjtum
530 2930 613 2983 statim
634 2939 705 2988 reddi
725 2945 813 3004 nequit
827 2947 852 2995 ei
869 2948 914 3008 qui
935 2963 965 2998 eo
985 2957 1136 3013 praevidetur
1155 2963 1286 3021 abusores.

245 2987 256 3052 [
275 3025 311 3121 (di
322 2992 424 3129 upriiur
434 3065 497 3115 ioret
507 3069 572 3120 lilius
582 3074 700 3136 familias,
719 3082 762 3140 qui
777 3075 899 3146 triticum,
915 3087 979 3150 eto,
990 3093 1055 3151 patri
1073 3096 1168 3148 iuratus
1178 3101 1275 3152 iuisset.

274 3129 348 3179 Ideni
353 3132 393 3182 die
401 3135 432 3183 de
443 3141 594 3202 mercatore,
604 3144 674 3202 ouius
681 3159 777 3198 meroes
784 3151 902 3212 depositae
911 3157 971 3206 isco
980 3162 1127 3222 adjudicatas
1137 3169 1219 3221 terent
1227 3187 1276 3235 per

244 3199 393 3252 senteutiam
406 3216 413 3252 ε
425 3205 483 3256 fisco
493 3209 635 3264 reddendae.
916 3252 922 3258 κ

274 3269 334 3318 Nota
346 3273 412 3321 :Etsi
421 3274 487 3322 dicat
495 3273 553 3337 jnr(
566 3277 646 3344 1958)
659 3280 836 3350 depositarium
846 3293 883 3340 rei
893 3258 991 3346 iuitivae
1001 3299 1082 3350 valide
1103 3305 1205 3358 liberari
1219 3323 1273 3361 rem

242 3337 442 3400 reddendorum,
453 3343 473 3390 si
485 3345 598 3396 dominus
609 3353 665 3410 post
675 3351 886 3409 denuntiationem
898 3376 952 3411 eam
968 3375 1018 3415 non
1033 3372 1164 3434 reclamet,
1176 3377 1203 3426 in
1214 3380 1273 3428 hoe-

205 3422 207 3428 *
243 3415 291 3462 qne
301 3405 420 3455 inclinare
430 3411 543 3461 videatur
551 3417 577 3465 P.
589 3418 618 3465 G.
630 3420 697 3480 rint„
708 3422 779 3478 modi
799 3425 840 3478 lue
850 3436 979 3483 moneatur
990 3438 1018 3484 ut
1033 3451 1086 3486 rem
1095 3444 1212 3492 restituat
1227 3447 1273 3494 do·

243 3471 309 3526 mino
317 3505 324 3532 ,
333 3475 459 3528 crederem
468 3492 524 3526 oum
535 3483 617 3537 Lessio
629 3501 683 3536 eam
694 3504 792 3554 semper
800 3498 952 3555 reddendam
963 3503 1075 3566 domino,
1092 3509 1139 3556 nisi
1149 3511 1189 3558 lur
1197 3516 1271 3570 pute·
1307 3533 1309 3536 ·

243 3541 283 3584 tur
292 3549 344 3584 enm
356 3541 469 3601 repetere
479 3549 561 3597 animo
573 3555 734 3619 restituendi3
746 3563 830 3624 sieque
848 3569 946 3617 tandem
959 3569 1050 3618 sentire
1061 3575 1162 3620 ridetur
1170 3579 1196 3623 P.
1207 3580 1268 3626 Gali.

193 3631 200 3642 ·
242 3607 299 3653 Ani.
308 3607 355 3654 Sed
364 3611 406 3656 vix
417 3617 520 3674 supponi
532 3624 612 3678 potest
620 3624 803 3684 quoddominus
814 3647 862 3682 non
872 3639 1003 3690 reclamet,
1012 3640 1059 3685 nisi
1072 3641 1105 3688 sit
1114 3646 1268 3702 negotiorum

241 3683 341 3720 suorum
352 3677 654 3748 negligens‚aut,ignoret
664 3698 892 3755 proclamationem.

273 3738 305 3802 (o)
317 3743 425 3794 Tenetur
436 3751 493 3798 luno
506 3753 669 3814 depositarius
682 3766 816 3814 restituere
827 3761 940 3826 ¹pretium
957 3769 1015 3819 usis
1034 3773 1084 3832 rei,
1095 3776 1116 3821 si
1135 3777 1167 3825 sit
1184 3783 1266 3840 pretio
1284 3757 1298 3812 ἐ·

241 3809 465 3877 eslirnabllis,quia
477 3821 523 3869 lroo
538 3828 645 3883 pretium
657 3831 803 3889 estquidam
815 3835 908 3882 fruetus
923 3837 968 3883 rei,
980 3841 1009 3884 Ρ.
1022 3841 1082 3888 Gai.
1099 3847 1171 3905 Anti,
1183 3852 1264 3901 collet.

271 3877 346 3928 liunt
366 3887 448 3944 autem
460 3892 533 3940 multi
543 3894 679 3951 prudenter
689 3903 805 3964 praesumi
819 3903 965 3963 deponentis
975 3919 1135 3975 eonsensum,
1143 3915 1167 3962 l⁰
1180 3918 1204 3965 si
1222 3933 1267 3980 pe·

240 3947 314 3998 cunia
325 3948 435 4017 deposita
454 3957 487 4008 sit
505 3959 532 4008 in
549 3963 645 4010 sacculo
655 3975 704 4012 non
715 3966 797 4016 clauso
807 3981 854 4018 neo
868 3973 993 4033 obsignato
1006 3973 1015 4040 (
1027 3978 1081 4040 lere
1099 3986 1121 4032 oi
1134 3990 1265 4048 moutarn,
1330 4046 1334 4050 ,
