2964 4674
283 363 355 450 266
435 385 490 438 nr.
508 379 675 463 onrnro
697 383 747 450 nr
770 369 908 433 snxro
930 335 1165 434 narnen'nro

280 491 281 496 ’
321 469 367 542 Et
386 469 526 540 latentur
545 469 783 557 interrogandos
790 465 982 562 'poenitentes
997 466 1081 534 circa
1095 457 1317 562 dispositiones.

250 630 254 638 .
280 567 565 646 eid-sacramentnm
581 563 783 642 necessarias,
801 564 830 630 si
846 565 913 654 jure
924 561 1316 656 suspicetureonlessarius.

279 689 331 734 eas
344 664 487 744 delicere,
501 663 634 758 qualiter
648 665 729 750 saep‘e
740 659 773 728 in
787 660 825 727 iis
842 658 897 753 qui
910 663 982 728 rard
996 673 1124 753 peccata
1141 658 1312 752 deponunt,

278 759 312 826 in
325 757 493 841 distractiS,
509 775 543 826 ut
554 757 682 851 plurimi
695 760 838 848 juvenes3
855 757 888 822 in
897 755 1032 844 ignaris,
1044 753 1127 822 inter
1141 773 1219 846 quos
1230 754 1313 848 saep'e

278 855 334 949 qui
355 854 478 946 negotia
501 851 686 946 temporalia
710 851 840 934 callent,
871 849 1065 942 civiliterque
1092 849 1171 933 bene
1193 848 1313 933 educati

277 966 364 1025 sunt,
379 949 413 1016 in
424 947 543 1018 timidis
556 951 616 1033 (u);
633 947 667 1016 in
680 943 809 1015 rudibus
822 946 877 1040 qui
887 943 1029 1039 quamvis
1041 943 1160 1012 robusti
1172 947 1311 1036 juvenes,

273 1045 357 1114 nihil
367 1048 479 1113 ‘contra
490 1045 664 1112 castitatem
682 1043 883 1121 confitentum
898 1043 931 1107 in
945 1041 1059 1132 ignotis
1074 1041 1127 1134 qui
1141 1040 1313 1134 parochum

277 1141 442 1238 proprium
452 1140 585 1233 lugiun13
602 1139 775 1206 tandemin
789 1133 883 1206 iis‘de
897 1137 1008 1231 quibus
1022 1137 1157 1231 suspicio
1170 1152 1215 1205 est
1227 1137 1312 1230 qudd

232 1314 254 1324 ,-
264 1233 390 1325 taleam
405 1237 466 1304 sihi
481 1234 700 1304 conscientiam
716 1233 920 1302 formaverint
935 1231 1044 1317 (b).'Si
1059 1231 1140 1298 enim
1155 1232 1238 1303 tales.
1248 1257 1312 1299 non

267 1328 553 1422 interrogarentur,
583 1344 809 1397 sacramentum
833 1328 968 1424 nullitati
994 1341 1209 1422 exponeretur.
1241 1327 1312 1396 lrni)

278 1423 479 1518 lrocprimnm
487 1442 532 1493 est
542 1440 706 1519 peccatum
717 1425 756 1492 de
765 1427 827 1516 qno
835 1425 978 1516 expressi
990 1449 1023 1491 se
1031 1447 1174 1491 accusare
1182 1421 1308 1490 debent.

320 1521 466 1590 Tandem
484 1521 619 1590 fatentur
637 1545 743 1588 omnes
764 1545 826 1587 non
850 1519 1086 1610 interrogandos
1101 1517 1155 1612 qui
1169 1516 1311 1588 instructi

278 1630 427 1708 apparent
442 1630 499 1696 snt,
515 1614 625 1682 sallem
639 1614 665 1682 si
678 1615 774 1682 vitam
789 1613 1111 1706 degantregularem,
1127 1612 1188 1682 nisi
1199 1613 1313 1682 adver«

277 1726 359 1777 tatur
372 1735 423 1778 eos
441 1709 559 1802 aliquid
576 1709 719 1778 omittere
732 1710 953 1800 necessarium.
1246 1795 1251 1803 ι

319 1805 383 1872 Sed
398 1809 475 1872 niun
485 1805 657 1874 necessariis
673 1804 900 1894 interrogandi,
919 1805 971 1897 qui
986 1802 1160 1872 necessaria
1174 1799 1214 1870 ad
1229 1801 1310 1870 salu-

277 1913 341 1968 tem
353 1915 384 1970 et
393 1917 619 1970 sacramentum
630 1901 843 1995 recipiendum
857 1899 971 1980 edocti,
986 1898 1088 1967 locum
1098 1915 1203 1967 tamen
1217 1897 1309 1965 relin-

277 2012 373 2085 quunt
399 1997 575 2092 suspicandi
597 1997 680 2090 quod
702 1996 768 2064 sine
786 1999 840 2064 sud
864 1994 954 2088 gravi
975 1993 1066 2088 culpa
1085 1993 1312 2076 consessionem

277 2091 429 2182 integram
443 2117 505 2158 non
518 2091 642 2171 faciant,
659 2093 724 2160 sive
736 2093 839 2186 quaid
851 2091 999 2182 speciem,
1011 2089 1075 2158 sive
1087 2089 1191 2182 quoaid
1203 2114 1309 2158 niemez

276 2186 435 2267 rum,sive
449 2186 552 2276 quoad
575 2185 819 2259 circumstantias
841 2201 1055 2277 peccatorum,
1076 2185 1182 2276 quales
1192 2185 1304 2260 mdes,

275 2279 405 2361 infirmi,
421 2303 519 2359 senes,
533 2277 648 2368 aliique
663 2279 774 2370 quibus
789 2278 941 2344 memoria
955 2279 1042 2344 deest
1053 2328 1062 2356 ,
1075 2279 1128 2346 vel·
1139 2279 1207 2346 sine
1216 2279 1308 2372 gravi

276 2373 472 2440 incommodo
498 2371 673 2438 examinare
695 2397 728 2438 se
748 2386 923 2462 nequeunt,
944 2387 979 2438 ut
999 2373 1187 2466 scrupulosi,
1205 2374 1307 2470 etqui

276 2468 424 2534 violentas
438 2466 619 2540 tentationes
633 2465 666 2532 in
682 2467 821 2533 examine
834 2467 1054 2560 experiuntur?
1284 2485 1288 2489 ·

238 2633 242 2641 ,
316 2561 399 2636 Cum
418 2561 550 2653 sanioris
569 2560 697 2640 moralis
721 2559 847 2628 asseclis
860 2561 1149 2651 etsitctt'tuntt‘dus,
1164 2564 1309 2634 arbitror-

237 2646 245 2663 *
274 2659 353 2728 tales
366 2685 433 2728 esse
446 2659 681 2749 interrogandos
692 2713 700 2740 ,
712 2657 784 2753 quin
800 2657 854 2751 qui
870 2683 920 2726 eos
937 2683 998 2725 non
1016 2658 1209 2753 interrogant
1223 2667 1304 2756 saepe

274 2753 353 2822 falsd
364 2755 491 2822 credunt
501 2753 621 2822 debitas
630 2753 738 2822 allatas
750 2753 844 2830 fuisse
856 2753 1072 2848 dispositioncs
1084 2755 1124 2824 ad
1131 2751 1306 2826 sacramen-

273 2866 352 2922 turn.
370 2849 461 2944 Sapie
475 2849 556 2916 enirn
569 2848 744 2932 doluerunt,
759 2850 824 2917 sive
847 2851 887 2917 ob
912 2851 1118 2942 ignorantiam
1132 2869 1184 2920 aut
1203 2852 1304 2945 negli-

273 2945 409 3038 gentiam
435 2945 624 3027 vincibilem,
658 2945 724 3013 sive
745 2947 785 3013 ob
809 2944 921 3013 salsam
947 2963 976 3014 et
996 2945 1077 3016 mali
1104 2949 1300 3020 efformatam

274 3041 488 3134 conscientiam
499 3041 555 3127 (a).
566 3039 652 3108 Nam
662 3040 695 3107 hi
711 3041 848 3110 delectus
859 3041 1029 3136 saepissime
1043 3071 1080 3112 cx
1091 3045 1247 3140 responsis
1260 3047 1300 3114 ad

272 3137 527 3230 interrogationes
549 3137 650 3205 solcim
665 3139 823 3232 patefiunt.
834 3138 929 3229 Ergo
945 3140 1149 3209 confessarius
1164 3141 1217 3234 qui
1238 3167 1301 3209 non

272 3233 454 3326 interrogat,
468 3232 673 3328 judicatsaepi
684 3233 839 3326 incogniti
857 3235 967 3317 causa,
984 3239 1053 3302 clun
1067 3250 1171 3304 tamen
1189 3237 1300 3308 debeat

273 3331 463 3398 efficeretdm
472 3345 603 3424 exparte
613 3331 769 3422 sudquam
778 3343 909 3422 exparte
917 3329 1138 3424 poenitentisnt
1148 3331 1299 3420 judicium

132 3478 145 3501 ,
230 3425 233 3430 “
272 3447 360 3490 suum
374 3424 512 3490 validum
526 3423 566 3490 sit
580 3439 611 3491 et
626 3433 755 3492 rectum.
947 3434 949 3438 ’

311 3515 464 3598 Aliunde,
477 3521 568 3600 nirm,
583 3532 617 3585 nt
627 3517 767 3587 minister
786 3520 989 3604 sacramenti,
1003 3545 1109 3590 cenare
1127 3521 1191 3588 non
1207 3519 1299 3590 debet

270 3623 320 3691 ut,
337 3613 491 3700 ,qnantdm
504 3612 663 3681 moraliter
675 3612 741 3679 ficri
752 3628 870 3706 potest,
882 3613 1033 3682 confessio
1047 3615 1086 3682 sit
1097 3614 1188 3686 ctiam
1202 3625 1298 3680 mate·

271 3704 388 3773 sialiter
402 3704 544 3797 integra?
555 3707 625 3774 Hoc
637 3707 746 3775 saltem
758 3708 1090 3780 convenientissimum.

312 3798 458 3870 Tandem
469 3800 609 3870 medians
624 3818 669 3871 cst
685 3818 714 3870 et
728 3817 828 3897 pater,
841 3805 886 3872 Ut
897 3803 1037 3872 medicus
1059 3803 1151 3870 dehet
1169 3803 1295 3875 morbos

269 3892 423 3990 inquirere
437 3894 606 3990 ignorantis
621 3897 789 3990 egrotiset
804 3921 855 3970 eus
870 3921 988 3981 sanare;
1002 3910 1031 3966 et
1042 3911 1075 3966 nt
1086 3894 1173 3992 nater
1188 3899 1296 3992 juvare
