2864 4672
534 429 839 486 unumunurn.
1144 405 1211 502 tiit

199 517 407 570 domantem·
418 514 625 578 tartisancbca,
635 517 766 580 iactusqut
777 532 826 568 non
836 519 965 578 sanitates
974 517 1215 599 atadpclluttonem

188 587 291 636 tendant
303 587 312 650 (
322 589 347 636 et
357 589 389 636 ad
399 601 453 636 eam
460 589 566 636 tendunt
575 585 722 636 attrectatio
726 591 752 636 iu
765 579 890 650 vitalibus,
900 601 985 636 eorum
996 579 1087 649 motio)
1099 601 1148 636 non
1159 591 1216 638 sunt

188 649 322 704 mortales
315 669 341 720 ιΜ
355 654 489 717 reddente,
506 655 580 705 etlam
595 665 651 702 cum
663 657 779 716 periculo
789 643 971 717 potiunculam
988 653 1124 715 alterutro,
1143 651 1215 706 modd

187 723 319 784 pollutioni
331 735 380 771 non
390 725 526 772 consentiat
541 724 654 772 reddens.
671 726 719 772 Dat
729 727 813 785 enim,
828 725 925 784 inquit,
936 738 1035 806 tapetam
1049 725 1087 773 rel
1098 725 1173 774 licite
1183 727 1219 784 ad

187 802 261 854 quarn
272 791 393 852 obligatur
403 805 436 839 ox
452 793 509 852 iare
520 793 633 840 alterius.
644 792 692 841 Sed
698 805 748 840 nec
759 794 785 840 in
795 795 914 854 petente,
930 794 951 842 si
971 806 1004 842 ex
1016 792 1089 844 causi
1104 793 1171 852 iusti
1189 797 1216 846 et

188 860 253 909 absit
264 858 403 920 periculum
415 861 584 908 consentiendi
595 861 738 920 pollutioni.

216 929 276 986 Qum
287 941 344 976 vera
356 929 482 976 crederem
498 929 536 988 si,
547 931 576 975 ut
587 940 725 988 supponere
740 928 839 984 videtur
856 929 980 988 Sanclreu,
994 928 1083 988 agabit-
1093 925 1179 976 soldm
1182 930 1215 978 de
1313 956 1317 967 ·

187 997 292 1056 esculis,
304 998 410 1045 tactibus
420 1007 538 1044 manuum
545 998 721 1058 ,amplexibus
733 998 760 1044 et
777 997 842 1078 aliis
848 998 969 1046 arnicitlac
983 994 1067 1064 petitis
1081 993 1153 1075 quim
1168 1011 1214 1047 vo·

187 1065 290 1130 luptatis
300 1079 412 1120 venerere
424 1066 509 1126 signis.
519 1065 588 1113 iusti
602 1068 668 1113 enirn
681 1066 711 1113 de
723 1064 795 1112 causa
806 1066 858 1114 haec
870 1055 917 1130 sibi
929 1059 1078 1126 permittunt
1088 1065 1214 1126 cnrrjuges,

174 1136 214 1188 ¹,et
223 1125 326 1214 pollutio
335 1136 449 1194 sequitur
458 1148 503 1195 per
514 1135 637 1186 accidens,
648 1135 698 1182 Non
711 1133 755 1180 did
764 1135 887 1182 tamenin
896 1136 928 1182 iis
939 1135 1102 1184 immorentur
1120 1137 1145 1182 et
1161 1149 1215 1183 ces·

187 1199 244 1249 sent
258 1198 451 1262 cumexurgunt
467 1203 547 1248 motus
563 1203 694 1260 pollutioni
704 1202 813 1269 praevii,
824 1203 887 1262 nisi,
900 1204 928 1250 ut
942 1200 1089 1262 aliquande,
1109 1199 1215 1262 pollutio
1293 1244 1299 1257 ,

187 1269 220 1318 stt
231 1271 369 1318 subitanea
382 1271 430 1317 Sed
442 1271 467 1318 el
479 1272 538 1317 tunc
551 1270 708 1327 cessandum
719 1271 760 1316 vel
772 1270 990 1330 congrediendum
1008 1271 1036 1316 Et
1055 1283 1113 1317 vero
1124 1269 1214 1320 durum
1256 1295 1257 1302 Μ
1293 1300 1294 1303 =

186 1337 337 1400 videtur‚v.
354 1352 390 1397 gr.
382 1370 406 1397 .,
420 1350 464 1396 pro
474 1351 552 1384 uxore
558 1350 650 1397 quam
660 1338 690 1384 ad
701 1338 863 1396 pollutionem
873 1334 956 1386 statim
975 1338 1145 1397 commovent,
1164 1335 1215 1385 irnb

185 1405 259 1484 quam
269 1399 352 1454 statim
364 1403 514 1486 polluunt
491 1406 546 1452 arri
550 1405 666 1453 amicitiae
677 1407 760 1465 signa,
775 1406 816 1454 vel
827 1407 937 1466 simplex·
944 1417 1063 1454 manuum
1073 1405 1215 1497 appreben-
1247 1453 1250 1460 ,
1317 1441 1322 1450 .

186 1473 239 1532 sio,
249 1474 307 1521 ab‘'
291 1488 322 1522 ns
330 1473 429 1522 omnino
439 1475 575 1522 abstinere.

205 1539 252 1604 (d)
264 1543 333 1590 idem
351 1542 439 1590 dicunt
449 1541 676 1602 Vasquez,Collet
695 1542 758 1600 etc„
771 1542 802 1590 de
813 1541 978 1590 delectatione
995 1531 1088 1603 copulae
1107 1537 1172 1590 ut
1153 1555 1215 1602 prae-

170 1611 274 1670 sentis,
285 1611 359 1670 qnia,
370 1611 503 1671 inquiunt,
515 1611 590 1658 estin
602 1609 647 1657 tric
664 1611 829 1660 delectatione
840 1612 955 1659 inchoata
967 1612 1081 1682 pollutio.
1094 1613 1142 1660 Scd
1158 1614 1214 1661 bare

170 1677 176 1716 ¹
186 1676 265 1728 solunt
276 1682 304 1727 ut
313 1680 420 1727 venialia
430 1680 523 1726 liabent
535 1679 642 1725 Sancbcz
654 1679 679 1724 ci
689 1691 745 1726 cum
758 1691 786 1725 eo
797 1681 884 1738 multi,
899 1680 975 1727 etiam
984 1679 1085 1727 absente
1094 1680 1214 1739 coniuge,

176 1744 258 1797 modb
278 1749 304 1794 et
324 1748 389 1793 absit
405 1745 548 1824 periculum
567 1747 710 1804 pollutionis
723 1745 732 1808 (
743 1743 807 1806 saepe
827 1748 943 1806 adest,
925 1761 945 1794 st
960 1749 1012 1796 baec
1023 1761 1118 1796 morosa
1130 1745 1214 1828 sint);

179 1814 259 1872 tquia‚
269 1813 410 1891 inquiunt
404 1815 422 1861 ri
444 1816 574 1872 Doctores,
587 1815 639 1860 baec
650 1815 743 1871 copulae
755 1819 783 1860 ut
793 1816 899 1872 praesent
901 1816 921 1861 is
933 1816 1047 1874 cogitatio
1059 1817 1127 1864 caret
1135 1810 1215 1863 scium

179 1875 235 1928 ltine
244 1879 345 1938 debito
356 1877 512 1940 inquantum
523 1893 571 1926 non
583 1881 709 1926 ordinatur
724 1877 767 1926 laio
783 1885 885 1928 etnunc
905 1882 935 1927 ad
949 1883 1025 1930 finem
1044 1884 1115 1932 debit
1104 1885 1168 1959 tam,
1183 1883 1215 1932 ad

181 1949 299 2008 stupratam
310 1944 414 2006 nempe,
425 1951 450 1994 et
458 1948 519 2028 quia
535 1959 585 1992 aron
599 1951 636 1993 est
646 1948 776 2012 delectatio
787 1949 817 1994 de
829 1962 855 1995 re
868 1945 945 2007 malai;
960 1961 1006 1995 nec
1015 1950 1082 1996 anim
1096 1950 1166 2010 pejor
1177 1951 1216 2000 est

188 2017 319 2064 delectatio
329 2017 359 2063 dc
368 2017 425 2062 actu
434 2029 506 2074 quarn
518 2027 619 2061 consens
621 2028 650 2061 us
664 2007 791 2062 inactum.
829 2019 832 2024 ’

218 2081 274 2132 llaec
286 2087 410 2132 momenta
420 2089 457 2132 sat
467 2082 551 2144 gravia
562 2085 701 2141 apparent
695 2084 774 2141 risque
789 2079 888 2130 facilitas
898 2084 1052 2132 adhaererem
1063 2085 1090 2131 ln
1109 2098 1139 2134 eo
1149 2087 1215 2146 quod

187 2156 282 2213 spectat
292 2154 323 2201 ad
335 2155 464 2212 cogitatam
475 2151 589 2211 copulam
601 2155 627 2198 ut
642 2153 787 2210 praesentem
798 2182 805 2210 ,
816 2164 891 2210 quarn
902 2152 928 2198 in
939 2165 967 2198 eo
987 2153 1052 2212 quod
1073 2156 1168 2212 spectat
1183 2153 1215 2202 ad

188 2223 369 2282 tactusproprii
380 2221 489 2300 corporis
500 2220 601 2266 absente
613 2219 724 2278 conjuge.

217 2291 329 2338 Attamen
346 2293 371 2338 et
376 2287 456 2350 priris
463 2283 569 2334 multtum
578 2287 770 2346 interdicerem,
777 2288 818 2334 vel
830 2289 861 2335 ob
873 2287 1013 2347 periculum
1020 2287 1174 2347 pollutionis
1183 2289 1214 2339 ut

187 2355 267 2420 quoad
277 2360 357 2407 tactus
370 2357 472 2418 proprii
479 2355 587 2416 eorporis
599 2356 701 2404 absente
717 2356 819 2415 maringe
825 2390 834 2418 ,
852 2357 978 2404 communi
989 2359 1119 2406 sententia
1130 2359 1215 2407 adhae-

180 2424 277 2477 rerem.
289 2430 315 2477 Si
326 2430 409 2476 autern
424 2427 483 2474 liant
494 2425 614 2486 praesente
626 2426 728 2484 coniuge
741 2427 833 2473 etcum
845 2438 889 2486 pos
878 2427 1008 2474 sibiiitate
1021 2427 1135 2488 coeundi,
1147 2441 1214 2476 mor

188 2497 251 2562 tales
261 2511 303 2554 eos
313 2497 418 2544 Billuart
428 2508 477 2543 non
489 2493 582 2554 credit,
593 2495 613 2542 si
622 2495 655 2543 sit
665 2495 763 2542 animus
773 2497 893 2556 coeundi,
905 2508 962 2543 casu
975 2497 1001 2542 in
1010 2509 1058 2556 quo
1074 2509 1101 2543 se
1111 2498 1214 2556 tangens

174 2623 176 2630 Ι
189 2568 253 2613 esset
264 2566 402 2624 excitatus,
414 2565 473 2623 quia
484 2563 544 2609 tunc
563 2563 664 2622 propter
683 2563 879 2612 circumstantias
890 2567 915 2611 et
927 2565 1111 2622 contiguitatem
1128 2567 1215 2616 vittenr-

188 2631 377 2682 turinctroative
387 2633 431 2680 et'
425 2645 451 2679 Μ
462 2629 574 2690 potentia
584 2629 697 2690 proximi
706 2632 848 2690 coniugales
858 2633 885 2679 et
894 2631 926 2679 ad
936 2632 1048 2690 copulam
1064 2631 1160 2679 reterri.
1172 2634 1215 2680 Se

190 2698 233 2750 eds
243 2705 263 2750 si
275 2703 365 2750 nonsit
376 2702 474 2748 animus
486 2700 602 2747 coeundi.

221 2772 336 2819 Rationes
347 2770 450 2818 Billuart
466 2782 511 2829 pro
522 2769 598 2828 priori
608 2781 669 2815 casu
679 2781 728 2814 non
738 2767 838 2827 rapiunt
853 2767 883 2816 td
901 2779 1052 2815 assensum.
1049 2767 1141 2816 ‘luitis
1157 2767 1214 2830 ergit

190 2841 328 2900 sequereris
337 2840 485 2888 sententiam
502 2838 663 2899 quorumdam
674 2837 717 2898 qui
733 2849 774 2884 eos
785 2837 878 2884 babent
891 2838 921 2884 ut
935 2838 1052 2888 mortales
1063 2839 1090 2886 in
1108 2839 1214 2898 utroque

167 2945 171 2953 .
189 2921 257 2956 casu.
273 2908 364 2956 Saltem
378 2907 510 2967 dubitabis.
530 2906 711 2961 Matrimonium
729 2906 803 2964 enim'
813 2918 862 2953 non
880 2905 1024 2972 permittere
1035 2907 1134 2956 videtur
1145 2907 1214 2956 abuti

190 2989 288 3038 proprio
300 2989 409 3037 corpore.

446 3245 450 3253 ’
495 3269 874 3375 ΜΜΜΜΜΜΑΜΙΜΜ

169 3461 172 3464 ’
234 3456 307 3540 887.
324 3450 417 3517 Enoc
430 3435 568 3518 recenter
578 3447 665 3540 nupti
678 3448 852 3517 necessario
863 3465 934 3518 sunt
943 3474 1012 3542 quae
1026 3449 1066 3522 ad
1077 3448 1214 3520 debitum

193 3545 352 3635 conjugale
364 3559 505 3638 spectant
520 3543 684 3624 edocendi,
698 3543 802 3612 verbis
815 3544 941 3637 quidem
952 3545 1061 3628 castis,
1077 3543 1111 3612 in
1121 3571 1216 3644 quan

191 3643 259 3708 tdm
272 3639 625 3746 ficripotcst.Dcuahoc
636 3637 912 3726 permittiteiicus
923 3640 1131 3730 locarat

233 3733 400 3803 Instruciio
413 3749 516 3803 autem
531 3733 648 3803 versari
670 3732 816 3799 debet

224 3905 227 3910 ,
255 3835 268 3861 ⁰
239 3827 377 3896 ιΟἱΜΜ
400 3828 618 3918 obligationem
632 3825 786 3897 debiti.

190 3957 191 3962 ¹
236 3930 269 3990 2⁰
280 3921 376 3991 Circa't
391 3924 483 3992 finem
494 3919 807 4016 sibipropouendum·
830 3983 852 3994 .·
908 4001 912 4005 ,
994 3959 995 3964 ’
1037 4000 1041 4014 ,
