2964 4674
562 320 841 378 3333333333.
1000 366 1019 387 ,,
1129 327 1202 396 2¹7

212 413 475 521 3⁰D1spensatnm
486 415 614 506 praecrsc
625 436 682 504 pro
693 410 942 517 quadragesimi
954 433 1016 476 non
1025 408 1202 506 dispensari

170 536 228 606 pro
241 511 376 596 diebus,
388 508 480 577 ctiam
494 505 758 600 quadragesimae,
777 503 901 574 veneris
916 518 946 572 31
959 506 1082 575 sabbati
1094 508 1157 594 (d).

201 679 238 745 (3)
248 681 277 730 nt
286 681 312 728 ln
323 677 433 728 absentia
442 661 541 740 parochi
552 679 670 726 vicarius.
681 679 762 726 collat.

201 754 285 798 Romae
295 751 437 830 dispensant
445 749 554 808 parocbi,
565 742 985 807 1333313333333.113331331333331
996 745 1141 810 bisuntini,
1152 750 1199 800 aed

169 821 246 883 puto,
256 830 306 865 non
316 817 365 864 nisi
376 817 522 874 casualiter,
534 829 589 863 curn
601 816 705 863 infirmis
722 809 801 873 quoio
817 827 886 861 esum
897 816 1017 862 caminm.

203 887 239 950 (b)
250 888 287 934 Ex
298 883 401 946 33331313
411 883 538 944 Encyclic5
550 885 683 932 Clementis
693 885 762 942 Xlll,
774 885 897 944 Appeleatc
905 884 936 931 50
946 885 1092 943 septembris
1101 886 1160 936 111319
1171 886 1203 936 331
1253 912 1260 924 ·

170 951 514 1014 omnesEpiscoposdirecti,
531 953 656 999 concludit
674 954 702 1000 P.
714 952 769 998 31331.
779 945 912 1010 36333133,
931 953 974 1000 aed
989 949 1138 1014 1331333313,
1151 956 1203 1004 dis-

170 1023 320 1104 pensatum·
314 1036 339 1069 in
351 1035 394 1070 esu
407 1021 519 1068 carnium
530 1021 662 1080 nequidem
674 1021 763 1071 diebus
778 1020 909 1068 dominicis
918 1021 1111 1082 quadragesimae
1120 1035 1202 1087 posse,

170 1093 220 1141 nisi
232 1093 258 1140 in
270 1091 342 1140 (33133
353 1090 500 1138 comestione
518 1101 604 1136 carnes
615 1089 701 1136 edere.

202 1161 327 1222 Quidquid
335 1161 378 1220 sit,
387 1153 534 1219 excipienda
544 1158 598 1205 loca
609 1158 653 1206 ubi
665 1158 785 1218 nonviget
795 1158 848 1206 baec
859 1159 1042 1220 encyclica,rel
1050 1159 1094 1208 nbi
1105 1162 1202 1213 sciente

170 1232 289 1292 Episcopo
300 1243 359 1277 usus
370 1229 506 1276 contrarius
517 1228 563 1274 cst.
574 1227 632 1274 Sic
626 1239 652 1274 rn
661 1227 762 1274 dioecesi
774 1226 912 1274 Bianntlnri.

203 1297 235 1362 (3)
246 1295 305 1350 crim
319 1311 364 1359 pro
379 1295 540 1364 permissione
562 1295 634 1351 datur
653 1290 899 1356 eleemosyna,pcndi
911 1295 985 1345 debet
995 1297 1026 1344 ab
1037 1297 1074 1345 eis
1085 1312 1127 1358 qur
1120 1297 1202 1348 cibis

171 1368 386 1426 vetitisutnntar,
398 1379 447 1413 non
465 1365 496 1412 ab
515 1365 587 1412 hero.
597 1365 669 1412 Densi
687 1365 715 1410 ln
726 1364 827 1412 dioecesi
847 1360 974 1412 bisuntini
993 1362 1202 1428 solvitnrdpatre

170 1435 275 1486 1333311333
284 1449 330 1496 333
340 1399 391 1484 tot5
403 1433 510 1494 13331113,
523 1429 596 1481 31331
607 1434 627 1480 si
637 1428 651 1480 3
662 1433 765 1492 stragulis
776 1433 838 1480 solvi
847 1432 949 1493 debeat,
959 1435 1024 1497 quqd
1032 1447 1081 1482 non
1090 1435 1155 1486 31333
1165 1435 1203 1486 di·

170 1509 230 1555 cunt
239 1507 329 1571 litterae
339 1504 495 1565 Episcopales
505 1517 549 1565 pro
560 1499 759 1563 quadragesimi,
771 1503 914 1563 dispartitus
924 1505 1063 1554 censeatur.

202 1573 236 1639 (d)
248 1575 374 1624 Sententia
394 1573 487 1634 Sylvii,
498 1573 591 1630 Callet,
609 1573 669 1632 etc,
686 1572 868 1619 autumantium
885 1571 1053 1630 dispensatum
1071 1572 1099 1627 nl
1115 1586 1201 1624 carnes

168 1644 315 1704 manducet,
325 1655 395 1704 posse
406 1644 481 1690 simul
492 1641 621 1690 comedere
632 1641 835 1702 pisccs,aidetur
845 1641 933 1689 rationi
951 1643 1127 1703 consentanea3
1138 1647 1203 1694 atta-

170 1725 228 1762 men
239 1713 416 1762 consnlendum
425 1713 513 1775 saltem
528 1713 703 1771 interroganti,
720 1712 804 1770 sequi,
818 1711 987 1770 attollerem,
998 1713 1146 1762 sententiam
1156 1727 1202 1776 op-

170 1784 274 1843 positam
285 1796 339 1843 quae
357 1784 395 1829 est
406 1783 530 1841 plurium,
541 1782 656 1828 notanter
672 1781 801 1828 Benedicti
820 1781 888 1838 xlv,
901 1779 927 1827 in
945 1783 1102 1844 responsione
1114 1784 1145 1830 ad
1156 1787 1202 1831 Ar·

171 1853 356 1912 cbiepiscopurn
367 1849 584 1911 compostellanum
595 1850 645 1897 diei
656 1851 716 1898 13113
729 1850 826 1898 1833331
839 1849 898 1896 lile
907 1849 933 1898 et
943 1850 969 1896 in
977 1851 1082 1910 Epistola
1092 1852 1203 1909 ejarsdena
1220 1885 1222 1888 -

171 1919 402 1981 333331133313310
418 1920 488 1967 lunii
504 1919 615 1977 eiusdem
626 1920 693 1966 anni.
711 1920 768 1968 llaec
785 1919 852 1966 enirn
872 1917 1012 1965 interdictio
1022 1920 1128 1977 piscium
1145 1934 1202 1970 cnm
1224 1945 1226 1952 ·

172 1989 302 2048 carnibus,
312 1989 395 2048 venit,
405 1989 489 2048 inquit
499 1988 655 2036 doctissimus
663 1989 688 2035 S.
698 1990 736 2046 Ρ.,
748 2001 780 2034 cx
789 1985 875 2034 3331333
884 1987 1003 2046 praecepti
1016 1987 1106 2046 jejunii
1113 2001 1141 2036 33
1152 1990 1203 2040 dia·

170 2059 323 2118 pensationis
341 2071 395 2117 quaa
413 2069 462 2105 non
479 2058 551 2105 datur
561 2057 696 2105 (3133113133
711 2057 866 2117 quaerantur,
885 2057 970 2115 quales
991 2060 1048 2104 suant
1068 2058 1160 2119 pisces3
1176 2059 1203 2108 31

171 2127 334 2187 quarumdam
342 2126 475 2174 dioecesum
483 2127 573 2188 statuta
583 2139 638 2174 eam
648 2126 760 2173 ciborum
771 2125 962 2184 permixtionem
971 2125 1064 2172 331331.

202 2197 316 2243 Attamen
327 2195 389 2243 dicit
398 2195 464 2242 idem
472 2195 496 2242 S.
505 2196 543 2253 Ρ.,
554 2197 658 2255 piscium
676 2209 745 2244 esum
754 2207 803 2243 non
815 2194 973 2242 interdicitis
986 2196 1075 2254 quibus
1085 2208 1131 2243 ova
1144 2208 1204 2257 per-

171 2265 305 2313 mittantur
320 2264 351 2310 iis
372 2263 459 2311 diebus
469 2264 560 2324 quibus
574 2264 631 2312 sunt
641 2277 649 2310 a
661 2266 686 2311 31
700 2260 772 2323 juxta
783 2265 888 2322 33131133,
898 2267 944 2310 333
955 2275 1004 2309 non
1021 2265 1203 2316 interdicuntur

171 2330 229 2382 333333
240 2333 468 2392 campermittitur3
480 2327 557 2393 qaiab
568 2343 641 2380 carne
652 2334 773 2392 originem
785 2333 889 2382 ducunt.
899 2332 969 2390 Quod
979 2345 1064 2382 veram
1076 2336 1203 2386 existimet

202 2404 252 2451 Neo
272 2402 433 2462 campaneis
451 2401 553 2449 credere
571 2401 663 2458 uellem
680 2402 881 2449 interdictionem
901 2401 1082 2449 commixtionis
1097 2405 1202 2462 piscium

171 2485 229 2523 cnm
249 2473 363 2520 carnibus
381 2470 563 2518 extendendam
580 2483 633 2518 esse
645 2465 675 2518 eb
686 2465 764 2530 33333
776 2469 840 2530 quid
852 2471 895 2531 qui
908 2471 932 2516 in
945 2467 991 2516 (333
1004 2465 1137 2520 reiectione
1149 2489 1203 2522 car-

130 2541 132 2545 '
171 2555 230 2591 nem
246 2539 408 2598 comedisset,
419 2549 468 2586 non
489 2539 571 2598 posset
590 2539 614 2586 in
626 2537 702 2587 alteri
712 2540 842 2588 comodere
859 2540 952 2599 pisces,
961 2541 982 2586 si
994 2540 1041 2600 ipsi
1052 2541 1113 2590 duas
1122 2544 1203 2593 reiec-

171 2609 717 2670 1333333333333133331.113335.1113331133
733 2608 764 2657 de
780 2610 946 2670 permixtione
965 2609 991 2656 133
1011 2609 1097 2658 eidem
1117 2614 1202 2664 mensi
1282 2643 1284 2650 ·
1302 2633 1313 2653 a

172 2681 284 2728 ciborum
294 2677 419 2724 licitorum
428 2679 454 2725 31
463 2677 622 2737 1111331333333;
636 2688 680 2738 333
690 2679 792 2726 311331133
810 2683 894 2726 autem
912 2679 1030 2738 intelligit
1048 2681 1136 2738 pisces.
1146 2684 1202 2731 Gla-

171 2743 225 2796 riis
235 2743 314 2792 adbuc
325 2757 351 2793 sc
361 2745 479 2804 exprimit
489 2739 545 2792 ciani
556 2746 581 2794 in
593 2745 680 2794 eidem
698 2745 828 2808 lincycllct
840 2749 939 2795 retatne
955 2749 1114 2807 permittatur
1132 2763 1203 2799 mon-

172 2827 225 2862 eam
235 2813 346 2862 eamdem
357 2814 471 2861 carnibus
480 2816 505 2861 et
514 2813 624 2872 piscibus
636 2812 1031 2864 3331333331311333133331331333
1046 2817 1110 2867 13331
1125 2820 1202 2868 inter·

172 2883 255 2933 dicere
267 2882 334 2930 cibos
343 2882 564 2942 quadragesimales
574 2883 601 2931 in
610 2879 659 2935 3333
669 2883 805 2932 reiectione
820 2885 845 2931 33
862 2885 907 2943 qui
917 2897 951 2932 ex
968 2885 1148 2946 dispensatione
1159 2902 1202 2949 po·
1264 2930 1266 2937 ,

171 2953 220 3000 1331
229 2948 280 3000 1313
290 2950 331 2998 die
340 2961 408 2998 veser
401 2949 539 2998 carnibus.
541 2949 610 2998 ldem
615 2951 737 3000 essetac
718 2964 739 2999 s1
746 2949 792 3012 ipsi
800 2952 990 3002 interdiceretur
1000 2961 1201 3017 servarepartem

171 3018 298 3081 praecepti.

202 3089 232 3138 nt
241 3088 417 3136 consulendam
426 3089 456 3136 ad
467 3087 551 3137 minus
560 3101 630 3150 sequi
623 3087 745 3138 'demetr
747 3089 879 3140 Clementis
889 3093 922 3139 lll
932 3092 947 3140 5
958 3091 1076 3141 iebmarii
1087 3095 1147 3142 1103
1156 3128 1165 3155 ,
1175 3096 1201 3144 31

171 3157 299 3210 benedicti
307 3157 417 3214 ciusdem
427 3157 481 3204 xlv
490 3159 516 3205 in
528 3159 702 3207 constitutione
712 3172 760 3207 333
769 3161 921 3221 arabiqimaa,
932 3161 1092 3208 statuentium
1103 3163 1202 3222 dispen-
1223 3211 1225 3226 ,

170 3223 269 3272 eatnm'
262 3237 289 3270 m
299 3237 344 3272 esu
353 3225 464 3271 carnium
477 3237 526 3274 non
536 3227 585 3274 nisi
594 3227 707 3274 carnibus
718 3228 857 3286 salubribus
867 3229 933 3276 vesci
945 3241 1024 3287 posse.
1035 3231 1082 3276 Per
1091 3230 1202 3278 salubres

172 3291 1200 3370 3313333333313131113333133333333331333333113313133.833,33331,331113333133

131 3372 146 3404 .·
157 3378 162 3387 ·
172 3371 259 3406 carnes
272 3354 358 3407 suilm
351 3372 365 3406 a
376 3360 480 3408 medicis
491 3363 668 3420 permittuntur
678 3365 775 3424 aegrotis
792 3366 915 3413 ruricolis.

203 3427 290 3476 Fateor
309 3428 362 3475 baec
381 3439 452 3488 posse
471 3429 642 3492 dispensatis·
635 3433 739 3490 injicere
750 3435 876 3494 scrupulos
886 3437 912 3482 31
922 3433 1077 3484 anxietates
1070 3448 1096 3483 in
1106 3435 1200 3486 discer-
1281 3456 1289 3467 .

172 3496 268 3546 nendis
270 3498 385 3545 carnibus
395 3496 550 3546 salubribus'
543 3512 570 3547 333
580 3509 679 3559 genere.
689 3499 758 3550 Unde
770 3500 811 3550 liic
822 3503 884 3550 bono
896 3504 977 3552 animo
992 3506 1122 3565 agendum.

202 3567 281 3614 Notat
290 3566 338 3614 ilbi
348 3566 422 3614 (113133
432 3561 506 3626 33333
517 3568 542 3615 31
550 3565 591 3616 laic
602 3567 788 3619 constitutiones
799 3574 824 3620 et
827 3569 921 3621 litterae
928 3573 1015 3621 saltem
1026 3577 1132 3636 receptae
1142 3573 1201 3625 sunt

171 3636 197 3684 et
208 3648 253 3695 per
262 3647 334 3684 mum
345 3636 495 3684 contrarium
505 3647 554 3683 non
565 3637 697 3700 abrogatae,
708 3653 748 3688 res
758 3641 860 3690 definita
870 3643 917 3692 est.
936 3643 969 3693 133
978 3644 1199 3714 obtemperandum

172 3717 204 3752 33·
215 3705 474 3768 33333313331333331
485 3717 619 3767 exgenere
630 3719 673 3756 suo
683 3709 815 3773 obligante.
