2964 4674
253 265 319 370 ¹9⁶.
377 322 379 327 .
511 293 566 346 nn
590 271 1007 348 ocrevo'rrncnrrr

245 379 284 428 rat
295 377 390 446 crimen
399 374 461 428 olim
471 380 618 443 pubiicum,
631 381 675 430 sed
684 377 831 442 poenitenttd
841 381 965 442 deletum,
976 381 999 430 ai
1015 380 1091 430 etmel
1100 380 1185 434 narrat
1200 381 1282 442 pent·
1358 379 1363 390 '

245 447 359 507 tentiam,
370 448 421 498 Non
430 449 575 509 crederem,
589 449 612 498 ai
630 447 876 512 oblivione-deletum
895 451 927 500 eit
946 451 1055 510 crimen3
1070 451 1145 511 quia,
1156 445 1281 500 ordinarit

245 519 333 568 enitere
342 521 480 581 loquendo,
498 520 646 582 punitentia
656 533 705 568 non
721 515 818 569 tantum
828 522 944 570 redderet
954 521 1026 570 lamae
1036 515 1156 581 quantem
1171 515 1282 569 auferret

243 588 486 706 {raeffizerimiuie
494 591 582 638 saitem
597 589 619 637 si
629 591 717 649 agatur
728 589 760 650 de
769 590 875 640 erimina
885 603 935 640 uon
944 591 1072 642 communi
1086 587 1113 640 et
1122 583 1229 638 muitum
1240 591 1282 640 in·

626 895 893 974 ,ΑΡΡΕΝΒῙΧ

504 1066 542 1100 Μ
555 1065 759 1124 ΑῼΒΙΙΝΉΒΠΒ
773 1035 1016 1102 ΒΕΙῙΜΟΤΙΟΜΙ.

283 1195 571 1306 βο9.1)ῑτωει«τι
585 1191 836 1291 reqrripareutur,
849 1196 914 1265 ime
927 1194 1018 1290 pejirs
1032 1201 1115 1293 saepe
1129 1215 1277 1294 peccant,

120 1329 135 1354 .
197 1333 206 1345 -
241 1317 297 1390 qur
306 1317 378 1361 eum
386 1290 524 1375 laudant,
537 1293 741 1384 interrogant,
759 1307 832 1376 ete,
849 1293 942 1385 etqui
950 1292 1135 1362 detrahendi
1144 1294 1280 1363 scienter

241 1385 438 1456 occasionem
452 1383 609 1484 praebent,
626 1386 834 1484 significantes
845 1385 880 1455 id
897 1385 959 1455 sibi
979 1387 1048 1458 lore
1059 1403 1199 1481 gratum,
1223 1388 1277 1459 vel

242 1479 306 1550 alio
319 1477 427 1551 mollo.
1324 1501 1330 1509 ‘

245 1586 247 1594 ’
283 1577 353 1646 sed.
362 1578 506 1646 affective
519 1575 621 1646 sollum
635 1573 742 1646 contri
754 1575 906 1666 iustitiam
917 1592 1065 1672 peccant,
1080 1577 1209 1648 realiter
1222 1593 1278 1648 ta·-

241 1698 315 1742 men
327 1677 435 1741 contr'a
456 1671 654 1758 charitatem,
671 1671 779 1767 quide
792 1672 984 1743 detractione
1002 1671 1132 1743 interius
1145 1676 1276 1769 praecise

241 1768 398 1839 munem.
550 1771 585 1788 ’·
640 1781 645 1789 ’
1197 1790 1199 1795 ·

282 1862 430 1934 Tandem
459 1864 567 1941 coma
590 1862 743 1956 justitiam
768 1863 824 1958 qui
846 1863 1069 1934 detractionem
1092 1889 1156 1942 non
1177 1865 1274 1960 impe

240 1957 342 2044 diunt,
355 1964 427 2030 edm
440 1961 482 2031 ad
495 1960 531 2028 id
545 1986 584 2029 ex
594 1959 698 2030 officio
707 1960 834 2050 justitiae
844 1975 998 2029 tenentur.
1011 1957 1099 2029 Vide
1112 1966 1148 2028 n⁰
1163 1965 1227 2053 874
1238 1986 1272 2028 a.

283 2057 322 2128 si
340 2073 445 2126 antem
458 2056 586 2127 audiens
606 2053 749 2128 teneatur
772 2055 879 2133 solum
889 2081 927 2126 cx
940 2054 1091 2126 charitate
1104 2055 1274 2150 impedire,

240 2155 349 2222 contre
362 2153 547 2225 charitatem
559 2153 774 2220 tantummodo
788 2167 915 2246 peceat,
930 2177 993 2221 non
1006 2151 1208 2262 impediendo
1222 2153 1274 2222 de-

239 2247 435 2328 tractionem,
447 2261 576 2342 peccato
585 2246 713 2340 quidem
721 2246 858 2331 mortali,
874 2246 902 2316 si
913 2271 1042 2340 gravem
1054 2273 1087 2314 rn
1096 2247 1275 2340 proximum

238 2341 403 2417 infamiam
425 2340 571 2432 conjiciat
594 2341 746 2429 detractio
768 2341 870 2435 sitque
893 2341 1047 2436 impedite
1065 2341 1186 2424 facilis;
1211 2340 1275 2410 levi

195 2445 200 2457 ’
239 2438 316 2507 vero
326 2435 446 2518 solintr,
462 2436 490 2504 si
503 2439 521 2504 ὲ
534 2439 658 2514 contria,
675 2460 712 2506 ac
725 2436 856 2532 proinde
870 2437 1041 2532 saepissime
1050 2436 1114 2522 (a).

280 2531 326 2602 Et
340 2530 408 2600 haec
422 2529 581 2601 dictasint
594 2532 634 2601 de
647 2529 819 2625 legentibus
832 2531 956 2601 libellos
970 2531 1125 2614 famosos,
1151 2531 1206 2624 qui
1223 2555 1274 2600 oc·

240 2625 336 2711 culta,
358 2625 416 2696 etsi
426 2651 516 2712 vera,
532 2625 598 2696 sine
612 2628 732 2696 ratione
746 2627 928 2711 sufficienti,
945 2624 1075 2694 crimina
1095 2626 1246 2722 referunt.

279 2723 392 2795 Note:
415 2721 492 2793 Non
510 2747 633 2818 semper
649 2724 773 2818 expedit
793 2737 828 2791 ut
846 2720 1154 2816 incoeptepletraetio
1167 2729 1272 2812 statim

239 2819 453 2915 abrumpatur,
469 2818 543 2912 quia
552 2819 634 2888 forte
646 2844 744 2913 parva
752 2818 972 2902 narrabuntur,
987 2810 1018 2886 ct
1027 2842 1068 2888 ne
1077 2816 1171 2912 longe
1181 2819 1272 2914 pejor

239 2914 346 3012 opinio
365 2913 523 2986 inanimis
537 2915 729 2985 audientium
742 2913 949 3006 relinquatur.
1259 2915 1262 2922 ’

269 3078 588 3150 (attererenturhpeeeato
603 3059 712 3150 quinon
733 3079 838 3142 impedit
852 3079 1032 3130 detractionem
1049 3077 1074 3128 t⁰
1092 3075 1150 3142 argi
1170 3091 1229 3130 eum
1240 3079 1271 3128 de
1300 3087 1302 3092 ·

237 3169 288 3218 qno
299 3153 452 3213 detrahitur,
464 3149 521 3203 cim
530 3165 579 3201 nen
590 3152 628 3200 est
646 3151 772 3200 moraliter
791 3153 874 3199 certus
884 3150 915 3198 de
925 3149 1049 3210 iniustitia
1060 3149 1233 3211 detractionis3
1244 3150 1270 3199 ri·

189 3261 194 3272 .
238 3219 297 3288 erud
308 3239 366 3274 eum
376 3227 418 3288 qni
428 3223 551 3283 detrahit,
562 3233 620 3270 eum
628 3216 719 3282 nempe
732 3233 782 3269 non
794 3220 950 3280 corripiendo
959 3254 967 3282 ,
976 3217 1091 3270 cdmnon
1100 3221 1196 3272 cenetat
1205 3219 1272 3283 qued

237 3297 327 3358 peccet
336 3296 482 3344 mortaliter.
493 3297 524 3342 Ρ.
535 3292 592 3342 Aut.
603 3289 620 3341 d
635 3292 736 3340 Gorttid.
748 3290 811 3339 Vide
821 3287 877 3350 245.

264 3364 391 3422 ,Obligatio
410 3363 456 3410 suh
471 3363 540 3420 gravi
557 3361 713 3421 impediendi
734 3360 906 3409 detrahentem
919 3369 975 3408 rara
996 3360 1034 3409 est
1052 3359 1118 3410 inter
1128 3359 1234 3423 aequales
1245 3359 1271 3408 et

238 3429 362 3481 rarissima
372 3429 399 3476 in
409 3429 567 3476 inferioribus
577 3423 635 3488 eruli
645 3430 794 3490 superiores.
805 3431 838 3478 Le
848 3431 905 3490 Geu-
914 3429 1026 3477 Biiluori.
1063 3475 1066 3484 ,

267 3491 425 3556 ΡΙετὼιηιιε,
438 3496 554 3556 mqutunt
562 3497 615 3557 alii,
626 3494 706 3546 eoldm
711 3499 843 3548 venialiter
853 3499 941 3559 peccat
951 3499 995 3558 qui
1003 3509 1053 3545 non
1062 3495 1169 3557 impedit
1176 3494 1271 3544 detrec·

238 3567 347 3624 tionem„
358 3565 411 3612 sive
422 3565 480 3624 quia
490 3576 539 3611 non
547 3564 685 3625 impediens
695 3568 832 3628 prudenter
847 3567 975 3627 presumit
989 3579 1043 3614 rem
1061 3578 1114 3612 esse
1130 3564 1268 3625 publicam,

238 3635 282 3684 vet
294 3631 472 3692 'detrahentem
488 3633 579 3691 justam
595 3633 687 3682 hahere
702 3647 801 3684 eausam
813 3647 869 3684 earu
883 3634 1025 3694 reveiandi,
1036 3633 1077 3698 vei
1092 3645 1152 3681 eum
1161 3631 1269 3691 praviter

239 3703 359 3751 eliensem
377 3701 408 3748 iri
429 3701 451 3749 si
466 3701 725 3762 reprehendatur,rei
735 3704 860 3753 auditores
877 3700 1105 3752 remfaciiidetune
1116 3699 1269 3759 credituros,

239 3772 280 3820 vei
290 3769 455 3818 resistentiam
466 3770 518 3818 iore
529 3771 656 3832 inutilem,
668 3771 748 3818 veleb
765 3772 944 3832 reuerentiam,
954 3772 1009 3830 rei,
1025 3771 1054 3818 ut
1064 3771 1100 3817 ait
1114 3771 1143 3816 Ι).
1154 3768 1269 3829 Thomna,

239 3851 275 3892 ex
284 3836 553 3902 timoremeuiissentid,
564 3837 727 3904 terecuudia,
737 3837 918 3904 perplexitate,
932 3838 972 3890 rei
982 3837 1013 3888 oh
1023 3838 1169 3907 narrationis
1178 3839 1268 3901 preci·
