2964 4674
313 373 319 390 p.
365 373 366 378 ι
647 327 884 386 uccnnsrm.
1034 374 1042 398 ,
1208 324 1282 396 215

292 409 489 487 Laboiantcs
509 417 640 509 corpore
658 415 709 484 vel
722 408 854 511 spititu,
878 421 953 490 crim
965 416 1054 492 labor
1068 408 1157 520 opit
1170 425 1283 520 fatigat

250 532 288 590 ac
301 511 449 603 fatigaret
461 509 612 603 jejunium
624 511 728 606 ipsum
738 516 803 600 (c);

292 607 360 675 Iter
380 630 419 676 cx
439 605 616 675 rationabili
638 610 728 677 ranst
749 623 874 702 agentes
882 607 901 692 ,”
909 609 937 680 si
946 608 1123 694 [omnibus
1137 615 1279 706 attentis,

249 702 293 772 cit
305 713 376 772 cum
388 701 506 792 jejunio
519 702 782 797 incompossibilc-.
803 705 870 774 Sed
883 705 943 775 iter
954 709 1205 801 pomeridianum
1217 737 1281 784 non

249 814 376 868 excusat
389 803 409 866 a
421 797 539 889 jejunio
552 799 815 883 antemeridiano,
830 817 862 868 et
874 801 1012 870 vicissim
1023 805 1088 890 (d).

172 976 177 988 .
290 893 377 965 Nota
394 924 402 960 ε
420 892 524 962 Causa
537 907 638 987 potest
651 920 796 964 excusare
809 895 850 964 ab
860 895 951 964 unicd
961 897 1129 968 refectione
1138 899 1215 996 quin
1229 885 1281 972 eri·

247 991 336 1058 cuse't
348 989 388 1056 ab
408 987 592 1056 abstinentia
605 992 625 1055 a
639 988 784 1058 carnibus
797 1005 829 1059 et
847 989 999 1062 vicissim.
1022 992 1074 1064 De
1089 995 1191 1070 causis
1211 997 1280 1070 dis·

247 1083 434 1181 pensationis
448 1083 535 1153 idem
544 1083 711 1158 dicendum
721 1086 780 1172 (c).

276 1267 312 1333 (ιι)
324 1267 425 1324 Fames,
435 1264 485 1312 nisi
503 1262 536 1312 sit
553 1261 898 1326 canina,mnciesai1tpalior
911 1259 1032 1326 tleiunio
1043 1281 1093 1318 non
1110 1271 1238 1326 excusant.
1248 1271 1279 1324 in

243 1341 319 1391 dnbio
329 1336 422 1385 medici
433 1332 645 1390 timoratijudicio
661 1334 791 1394 standum,
802 1336 828 1382 et
846 1335 910 1384 sumi
925 1337 1007 1397 potest
1023 1341 1191 1388 neceesarium
1201 1343 1233 1389 ad
1240 1342 1278 1392 vi·

242 1413 344 1466 tandum
354 1405 420 1467 qnod
440 1405 544 1452 timetur
561 1402 711 1464 prudenter,
722 1415 786 1451 uuus
805 1399 863 1465 plus
871 1437 881 1466 ,
890 1403 954 1456 alter
967 1399 1060 1456 mindo.
1068 1409 1098 1458 Et
1108 1408 1135 1456 iu
1145 1409 1221 1458 dubio
1230 1423 1278 1474 pe-

241 1483 316 1536 tenda
327 1471 533 1536 estdispeneatiu.

272 1549 359 1614 sponsi
369 1558 419 1594 non
428 1541 485 1592 idet
496 1541 647 1590 excusantur
654 1539 721 1601 quod
732 1537 879 1601 impotentes
889 1543 949 1592 fiant
958 1541 989 1592 ad
999 1543 1152 1594 reddendum
1163 1545 1278 1600 debitum

233 1616 347 1683 excepto
358 1629 416 1667 casu
436 1615 463 1662 in
473 1625 522 1673 quo
532 1610 725 1660 succurrendum
744 1609 809 1659 iorct
826 1612 936 1662 evidenti
956 1613 1068 1673 periculo
1078 1614 1276 1666 -ancontinentia

241 1685 480 1753 compartioniebue
488 1681 580 1742 jeimrii
590 1676 604 1728 a
615 1681 699 1728 debito
709 1676 792 1740 potins
801 1681 983 1730 abstinendum.

273 1756 482 1824 (dtdbsiumreu
492 1753 521 1800 ut
530 1762 588 1798 cnm
606 1749 729 1810 aliquibus
746 1749 843 1798 dicatur
852 1764 979 1811 pauperes
993 1749 1044 1800 soio
1059 1765 1139 1814 pane,
1150 1749 1277 1804 ordinarit

240 1827 378 1890 loquendo,
392 1819 693 1877 noncenenriverc,vo1
705 1819 731 1866 in
744 1831 802 1868 casu
814 1819 840 1866 in
854 1833 903 1882 quo
913 1821 949 1868 sic
966 1820 1079 1882 pluribus
1090 1823 1177 1872 dicbus
1187 1824 1277 1872 vivore

240 1896 395 1958 cogerentur.
405 1893 466 1940 ilum
475 1902 525 1938 non
542 1888 616 1936 aliter
625 1887 713 1936 diebus
725 1899 774 1936 uon
782 1888 872 1948 jejunii
884 1889 981 1938 vivunt.
992 1891 1059 1937 'lunc
1071 1891 1159 1940 saltem
1169 1903 1225 1940 cum
1237 1891 1275 1940 eis

239 1979 289 2016 non
300 1965 465 2023 dispensarem
475 1957 524 2005 nisi
534 1969 579 2020 pro
590 1955 637 2004 oilt
651 1969 683 2004 cx
692 1957 789 2015 jusculo
800 1959 840 2006 rel
853 1959 925 2018 adipe
938 1956 1008 2019 [th
1019 1957 1086 2021 626}

271 2033 304 2097 (c)
315 2029 466 2092 supponitur
473 2027 673 2086 defatigationem
684 2039 733 2074 non
744 2027 829 2074 venire
840 2040 874 2075 ex
891 2029 975 2076 labore
986 2027 1083 2076 illicito.
1096 2027 1145 2075 Sed
1162 2027 1273 2077 laborem

238 2105 359 2154 illicitum
373 2111 423 2148 non
441 2095 520 2146 credit
529 2095 634 2144 Billuart
644 2096 801 2144 renationem
818 2097 960 2156 honestam,
971 2095 1037 2158 quiid
1047 2097 1176 2146 crederem
1186 2098 1239 2157 ipse
1250 2098 1273 2146 si
1293 2106 1295 2110 ’
1327 2135 1331 2139 .

238 2175 273 2224 sit
282 2173 400 2221 rationon
408 2167 505 2218 modica
515 2165 640 2213 venationi
646 2163 762 2220 pacandi.
772 2165 918 2226 infirmitas,
928 2166 975 2214 etsi
986 2179 1019 2214 ex
1034 2167 1118 2213 labore
1131 2166 1271 2228 inhonesto,
1297 2224 1298 2227 Ἴ

235 2240 289 2294 imd
307 2253 340 2288 ex
356 2236 460 2286 crimine
477 2233 638 2296 proveniens,
657 2233 769 2282 excusat.
790 2233 840 2282 Sed
860 2234 907 2283 hoc
926 2235 1065 2297 previdens
1084 2229 1170 2283 contro
1189 2235 1271 2294 legem

236 2310 385 2428 pediciriiint
394 2375 436 2424 dic
446 2371 556 2422 cesmtur
565 2364 580 2420 d
589 2369 689 2448 labore,
699 2357 801 2433 possunt
810 2372 877 2422 vires
885 2384 939 2421 erse
948 2365 983 2420 lt'a
988 2371 1133 2432 debilitatae,
1141 2370 1170 2420 nt
1177 2371 1221 2420 lex
1228 2371 1270 2420 dio

235 2448 282 2500 aar
292 2461 342 2497 nou
353 2445 455 2504 obliget.
553 2449 558 2454 “

265 2519 312 2566 Ηιι
322 2513 454 2562 observant
473 2507 551 2572 aliqui
569 2506 697 2555 hominem
710 2519 759 2556 non
773 2507 854 2558 teneri
869 2507 952 2558 lacere
966 2509 1046 2559 totum
1059 2508 1125 2570 quod
1144 2507 1226 2568 potest
1240 2511 1270 2562 ut

232 2585 358 2646 ieiunium
367 2593 425 2630 cum
436 2579 519 2626 labore
533 2575 674 2637 consociet,
690 2578 748 2636 quia
758 2579 801 2626 lex
813 2578 905 2637 jejunii
915 2579 979 2626 bono
990 2582 1016 2626 et
1030 2590 1099 2638 aequo
1109 2578 1192 2625 animo
1203 2579 1270 2638 diju-

234 2653 352 2711 dicanda,
368 2649 549 2712 prudentisque
565 2647 755 2694 coronassent
770 2648 814 2695 aut
827 2649 932 2707 pastoris
949 2659 1004 2694 eam
1014 2647 1151 2707 applicare,
1166 2645 1269 2696 attentis

235 2723 391 2784 fatigatione,
402 2716 552 2775 nutritione,
563 2715 752 2777 complexione,
763 2717 912 2764 consulendo
930 2716 1040 2777 experlri
1055 2716 1131 2766 vires.
1141 2711 1219 2764 Labor
1229 2719 1269 2766 ta·

234 2791 431 2850 mensusceptus
441 2782 543 2846 precise
557 2785 588 2832 ad
607 2785 750 2836 faciendum
764 2797 880 2846 magnum
891 2787 988 2838 lucrum
998 2798 1048 2836 nou
1058 2781 1267 2846 necessarium&

232 2860 329 2920 jejunio
339 2869 458 2908 excusare
470 2867 520 2902 non
530 2853 639 2904 ridetur.

185 2975 188 2978 .
263 2931 307 2978 Ast
317 2929 448 2977 teneturne
460 2924 530 2972 dives
541 2923 572 2970 ab
582 2923 680 2971 assueto
690 2921 774 2971 labore
785 2921 884 2974 omniuo
893 2927 1003 2984 cessare,
1013 2930 1042 2972 ut
1050 2922 1162 2982 ieiunare
1172 2921 1267 2984 possiti

127 3013 131 3020 ·
232 3000 284 3048 lton
294 2997 367 3059 pauci
376 2995 536 3043 arbitrantur.
547 2991 596 3040 Sed
607 3004 656 3038 non
667 2991 768 3040 videtur
775 2993 851 3040 talem
862 3005 915 3039 csse
936 2994 1050 3041 Ecclesiae
1069 2993 1192 3052 mentem,
1204 2994 1266 3042 alio·

159 3119 168 3131 ,
231 3069 293 3130 quin
302 3068 365 3116 tales
374 3066 401 3113 in
409 3063 461 3113 otto
470 3063 594 3112 virerent.
603 3061 723 3122 Equidem
733 3062 764 3108 l).
772 3061 877 3110 Thomas
888 3070 929 3108 eos
938 3063 971 3110 ad
986 3056 1170 3111 cessationemt
1181 3062 1265 3111 labore

232 3135 336 3195 obligari
341 3134 429 3192 credit,
439 3132 482 3179 ubi
493 3131 528 3180 sic
539 3131 740 3190 estconsnctum3
748 3131 792 3178 sed
797 3131 928 3190 respondet
933 3131 1095 3190 Billuartpost
1102 3129 1265 3192 Sylvestrum,

139 3248 148 3260 ,
233 3205 294 3261 etc,
302 3203 344 3261 jus
353 3204 496 3262 antiquum,
505 3195 578 3258 juxta
593 3198 658 3260 quod
669 3199 737 3246 labor
754 3211 804 3246 non
817 3200 970 3246 necessarius
981 3195 994 3246 ‘a
1004 3199 1099 3257 jejunio
1108 3209 1156 3244 non
1167 3199 1264 3247 eximo-

234 3269 534 3320 batirrisoemoditicatnm
551 3269 583 3315 ab
592 3268 702 3328 Eugenio
718 3268 749 3314 lv
760 3279 824 3315 anno
835 3265 905 3319 illd.
915 3265 1057 3315 Declaravit
1066 3265 1134 3314 enirn
1149 3265 1190 3315 hic
1199 3265 1224 3314 S.
1234 3269 1262 3316 P.

233 3334 340 3386 artificee
349 3337 469 3387 laboriosa
479 3349 553 3396 opera
564 3338 724 3395 exercentes,
734 3338 760 3384 et
771 3337 888 3395 rusticos,
907 3336 960 3384 sire
970 3336 1026 3396 ,sint
1036 3336 1127 3384 divites
1137 3335 1190 3384 sive
1200 3347 1264 3396 pau·
1287 3359 1289 3368 ι

233 3417 319 3467 peres,
334 3417 383 3452 uon
402 3404 482 3451 teneri
501 3404 532 3450 ad
542 3404 670 3462 ¹ieiunium
689 3406 734 3452 sub
752 3407 884 3465 praeopto.
896 3404 963 3451 Hanc
975 3402 1165 3453 declarationem
1177 3405 1281 3470 plures¹
1316 3454 1324 3458 ,
1403 3447 1405 3454 .

232 3474 354 3522 referunt.
373 3468 494 3534 Aliundt,
504 3472 572 3522 addit
580 3473 684 3522 Billnart
689 3505 698 3532 ,
708 3473 794 3535 praxis
803 3473 830 3522 et
837 3473 1012 3534 poenitentium
1023 3474 1050 3522 et
1058 3467 1262 3524 confessariorum

232 3543 280 3603 ipsi
291 3543 329 3593 cst
339 3541 480 3594 conformia.
501 3541 553 3589 Hoc
565 3542 632 3590 enim
651 3542 775 3592 discutere
794 3553 844 3590 non
859 3543 948 3590 solent.
965 3539 1190 3604 Sniummodderpd
1198 3542 1261 3594 talea
1338 3595 1341 3602 Α

231 3612 349 3659 tenentur
356 3611 422 3659 inter
430 3610 527 3670 labores
535 3610 627 3670 eligere
638 3621 693 3672 cos,
704 3610 725 3658 si
736 3610 780 3672 qui
800 3610 865 3671 sint,
876 3612 920 3672 qui
931 3623 988 3659 cum
1000 3611 1097 3672 ieiunio
1105 3607 1183 3673 magis
1192 3626 1260 3662 corn·

230 3679 360 3740 possibiles
370 3682 497 3740 eunt‚nec
507 3691 565 3728 cum
575 3679 612 3726 eis
621 3675 786 3740 scrupulosius
797 3680 835 3728 est
851 3681 983 3740 agendum.
1071 3686 1074 3691 ’

260 3747 342 3809 Aliqui
351 3741 365 3797 a
373 3746 469 3808 jejunio
479 3747 594 3796 eximunt
603 3747 698 3796 sutores
708 3748 735 3800 et
743 3748 862 3809 tortores,
870 3746 1012 3798 rcdmelide
1019 3747 1153 3800 ridendum
1164 3750 1190 3798 in
1201 3763 1258 3810 par-

230 3815 328 3866 ticulari
337 3814 439 3876 utrum,
450 3818 565 3866 omnibns
575 3817 808 3877 attentis‚ielunare
818 3818 925 3880 queant,
936 3817 963 3866 et'
972 3819 1008 3867 sic
1018 3819 1049 3866 de
1060 3817 1169 3879 caeioris,
1181 3821 1256 3870 etiarn

230 3883 392 3947 spiritualiter
402 3887 569 3940 laborantibus
578 3899 639 3949 quos
650 3887 693 3937 alii
710 3881 793 3936 contri
804 3887 865 3937 alios
875 3885 1057 3949 particulariter
1067 3887 1195 3935 excusant.
1249 3881 1251 3888 ⁴
1262 3905 1263 3910 κ
