2940 4678
530 275 813 381 ttrinrriosrn

534 481 738 532 stercutus
757 483 810 531 vti

489 627 526 677 De
535 625 715 690 impedimento
724 613 857 692 ligaminis.

201 776 275 851 841.
296 769 446 838 1116111111
463 786 508 840 est
526 771 683 840 vinculum
703 773 821 866 prioris
842 775 1031 844 matrimonii
1054 779 1192 849 nondirut

158 858 410 936 dissolutioris
421 866 517 933 divini
531 867 657 961 positivi
672 885 731 936 est.

74 1017 79 1030 ,
166 979 168 986 ‘
195 961 288 1052 ¹Ergd
301 965 464 1053 antequim
475 962 528 1055 qui
542 978 654 1055 nuptus
666 963 775 1031 suited
789 965 938 1034 secundas
955 952 1195 1060 nuptias'trano‘

159 1055 258 1137 volet,
286 1056 325 1124 de
354 1072 454 1124 morte
485 1054 625 1148 conjugis
658 1057 873 1128 certitudinem
895 1059 1049 1130 moralem
1074 1061 1193 1136 habere

158 1151 253 1218 debet
263 1150 323 1236 (11)

201 1245 266 1313 Sed
276 1245 365 1338 quid,
381 1245 408 1314 si
423 1245 489 1314 sine
502 1244 686 1314 certitudine
700 1245 758 1315 tte
776 1245 1009 1337 matrimonium
1021 1249 1133 1320 initum
1150 1255 1192 1322 sit

160 1341 220 1424 (11),
237 1340 302 1420 vel,
317 1340 382 1428 jam
403 1340 480 1409 inito
492 1394 499 1419 ,
513 1339 641 1408 dubium
660 1343 877 1436 superveniat?
890 1343 975 1424 Res,
991 1344 1192 1438 inquisitione

157 1435 1189 1530 diligentiiacti‚committendnviroprudenticonfessario,v.gr.,

156 1555 219 1622 quo
242 1530 362 1598 dicente
383 1531 591 1628 spernendum
607 1557 672 1600 esse
694 1532 839 1610 dubium,
860 1547 1032 1627 spernetur.
1057 1535 1093 1604 si
1114 1542 1190 1606 verit

156 1625 272 1721 deponi
280 1626 458 1719 nonpossit,
468 1625 518 1694 vel
526 1627 637 1712 conjux
647 1644 776 1720 uterque
787 1629 919 1711 dubitat,
928 1628 978 1698 vel
989 1656 1066 1700 unus
1074 1633 1187 1701 snlirm.

188 1720 235 1787 ’si
250 1737 378 1813 uterque
396 1751 403 1788 :
422 1720 595 1788 abstineant
605 1723 645 1789 ab
659 1722 778 1790 actibus
792 1723 922 1815 quinon
937 1740 1007 1792 sunt
1020 1723 1115 1806 liciti,
1127 1727 1189 1795 nisi

156 1815 351 1903 tonjugibus.

164 2007 167 2013 Ι
199 1909 234 1976 Si
255 1937 332 1978 unus
359 1910 479 1992 Ssslflfflr
552 1948 616 1992 non
626 1923 794 2001 dubitanti;
809 1950 843 1992 ex
856 1923 926 2015 lege
935 1921 1187 1992 unieiDominos

150 2015 195 2084 de
218 2017 361 2087 secundis
383 2017 516 2114 nuptiis,
531 2017 566 2086 in
579 2017 638 2086 hoc
650 2018 782 2086 fundati
804 2019 888 2111 quiid
903 2018 1004 2086 minus
1015 2017 1133 2086 malurn
1146 2020 1187 2088 sit

153 2137 307 2204 exponere
322 2139 355 2182 se
369 2113 508 2208 periculo
532 2113 677 2190 adulterii
692 2117 786 2207 quim
800 2114 981 2206 injustitiam
993 2114 1186 2190 committere

153 2212 231 2298 ergit
245 2209 406 2300 conjugem
417 2211 475 2293 (r).
545 2296 547 2300 .

195 2303 293 2392 Quid
320 2305 347 2372 si
369 2305 512 2373 dubitans
533 2303 662 2372 dubium
685 2331 775 2394 suurn
792 2303 880 2372 elteri
906 2299 1061 2398 aperuerit
1082 2303 1184 2394 (quod

151 2402 364 2493 iacerepotest
372 2416 401 2468 et
412 2400 502 2468 debet
513 2401 539 2468 si
552 2401 623 2471 ind'e
634 2401 839 2468 timendanon
850 2400 911 2467 sint
920 2398 999 2466 mala
1009 2399 1183 2489 graviora),

152 2497 243 2580 (rard
257 2521 319 2562 non
333 2494 491 2579 timenda)
505 2512 534 2561 et
554 2496 603 2562 liic
619 2496 736 2587 puriter
749 2495 887 2575 dubitet,
900 2509 953 2560 nui
969 2493 1113 2560 dubitare
1127 2496 1186 2561 de-

152 2589 236 2667 beat,
253 2590 374 2666 vivant,
387 2604 421 2655 ut
432 2590 526 2656 modi)
543 2590 660 2656 dictum
673 2590 788 2672 est(d).
1002 2664 1012 2696 ὃ

195 2681 315 2749 Ethaec
327 2681 481 2750 dictasint
494 2682 534 2748 de
547 2681 649 2749 dubiis
661 2681 729 2752 aliis
744 2682 826 2748 circi
835 2679 1101 2748 matrimoniorum
1112 2681 1186 2750 vaii-

154 2767 665 2874 ditetemexurgentibus[877‚f].

184 2947 220 3007 (n)
233 2942 288 2996 tiaec
300 2948 398 2996 moralis
409 2948 544 3006 cerotum,
556 2948 581 2996 ni
597 2951 604 2996 1
609 2946 639 2996 oo
650 2963 725 2998 annos
742 2951 813 2996 natus
830 2943 861 2996 sit
878 2946 979 3007 absens,
990 2960 1039 2994 nnn
1050 2947 1187 2995 traheretur

153 3023 186 3064 etr
198 3031 226 3064 eo
235 3015 300 3076 qnod
309 3017 475 3065 intinnitatenr
488 3015 633 3065 iratretrutei
645 3019 704 3077 cni,
717 3019 735 3064 si
750 3021 818 3076 ionga
831 3020 876 3075 sit,
888 3018 960 3076 pauci
972 3027 1020 3062 non
1032 3015 1185 3076 moriuntur,

153 3085 290 3144 requisitor
301 3083 357 3143 ergo
368 3086 507 3132 extractum
524 3088 694 3134 uuttrernicnru
714 3101 745 3134 ex
758 3086 867 3144 registris
878 3086 1030 3130 mortuorunt
1043 3082 1090 3128 ioci
1100 3082 1126 3144 in
1137 3095 1186 3140 quo

152 3153 283 3200 defunctus
300 3156 414 3210 putatur,
425 3154 490 3211 quod
508 3156 646 3200 extractum
664 3152 817 3212 recognitum
834 3153 865 3198 sit
876 3147 889 3198 ir
899 3151 1039 3210 superiore,
1050 3150 1185 3210 Episcopo,

154 3220 212 3264 cte..
226 3219 288 3276 toci,
299 3221 318 3264 si
329 3218 354 3264 iu
364 3216 444 3264 attend
455 3219 571 3276 diocesi,
584 3217 631 3266 eti
644 3223 741 3280 proprio
754 3222 870 3279 Episcopo
882 3232 890 3266 z
901 3231 956 3279 quse
968 3220 994 3266 et
1004 3218 1129 3267 observari
1141 3219 1185 3266 de·

155 3288 216 3335 irent
226 3297 283 3333 cem
294 3285 431 3332 extractum
441 3282 555 3334 irernoto
564 3289 639 3334 etinnr
651 3290 759 3346 ejusdem
768 3288 881 3336 dtoeecsis
891 3289 944 3334 ioco
955 3287 1034 3347 venit,
1045 3287 1093 3334 uisi
1103 3287 1185 3338 dentis

155 3355 219 3402 ittud
233 3366 320 3402 munus
336 3354 502 3411 cognoscatur.
512 3354 603 3401 Suttenr
615 3355 739 3402 mittendae
753 3344 820 3403 nitet
842 3385 851 3402 .
904 3354 908 3360 ’

185 3421 210 3468 si
222 3421 305 3468 nullus
316 3421 406 3467 existat
417 3421 550 3480 sepulture
562 3425 646 3483 nctus,
658 3425 707 3470 duo
720 3425 794 3472 testes
811 3423 907 3484 probati
924 3421 1062 3483 sanciunt,
1074 3399 1135 3484 etsi,
1147 3427 1184 3474 in·
1226 3443 1231 3454 ·

89 3535 91 3538 .
154 3489 244 3550 quiunt
254 3489 345 3550 ntiqui,
357 3489 442 3538 mortis
452 3491 527 3538 testes
536 3501 583 3538 non
595 3491 701 3550 fuerint,
711 3493 753 3540 sed
764 3493 839 3540 tatem
850 3495 975 3544 mortuum
986 3504 1039 3539 esso
1049 3487 1063 3538 i
1074 3495 1184 3552 personis

155 3559 203 3606 ioci
214 3553 309 3607 tuntdm
321 3557 462 3606 didicerint.
475 3559 521 3606 1111
535 3561 618 3608 volunt
630 3575 686 3608 curn
696 3562 752 3615 istis
761 3561 855 3612 duobus
870 3560 959 3608 testern
975 3561 1109 3610 oculatum.
1124 3557 1183 3610 'tim

155 3623 226 3675 taciti
244 3627 416 3675 invenirentur
432 3627 480 3675 duo
493 3627 544 3675 taisi
565 3630 651 3690 testes,
665 3631 709 3689 qui
722 3631 747 3678 et
758 3644 784 3678 se
801 3629 913 3679 dicerent
929 3628 1050 3688 oculatos,
1062 3631 1090 3678 111
1104 3627 1181 3691 sept,

155 3709 202 3744 non
215 3697 260 3744 nisi
274 3697 383 3744 consutio
396 3695 525 3755 Episcopo,
536 3697 575 3744 tric
585 3699 766 3767 procedendprn
777 3699 818 3747 sii.

184 3769 230 3813 i‘ro
241 3765 361 3815 ruitiiitrus
376 3765 466 3812 suitieit
477 3766 644 3814 testiinonium
656 3767 797 3827 capitanei,
809 3769 847 3815 vet
859 3766 879 3814 si
891 3765 998 3827 obierit,
1010 3765 1183 3818 atteriusduo·

256 3847 281 3880 Ω.
1057 3853 1086 3870 'ir'

1316 941 1328 970 0
