2950 4680
212 348 283 439 278
317 431 321 436 ,
362 368 416 419 nn
437 363 602 434 ootnro
624 368 676 420 nr
695 367 830 420 snxro
853 365 1086 422 ermenero

251 453 327 522 Non
338 456 410 522 raro
423 468 496 521 tunc
513 450 718 532 confessarius
738 452 906 547 imputabit
925 453 987 523 sibi
1001 453 1130 524 interius
1150 458 1235 550 quod

210 551 365 618 confidens
378 550 472 618 fuerit
485 547 615 616 nimium
630 565 661 617 et
674 548 780 618 forsan
790 575 828 620 ex
845 574 951 620 amore
963 551 1093 650 proprio
1104 549 1237 624 hilarior

209 646 294 746 quod
308 645 443 726 animam
454 643 526 723 Deo
543 643 638 718 fuerit
651 645 799 721 lucratus.
972 651 974 653 ’

680 825 765 896 sm.

519 988 920 1052 cunroeatiradpertectionem.
971 966 979 980 ’

250 1172 324 1234 ⁷0²·
343 1145 389 1213 Hr
402 1159 626 1238 cognoscuntur
641 1171 678 1214 ex
696 1142 802 1213 indole
815 1143 857 1214 acl
870 1144 986 1213 bonum
999 1141 1133 1212 multum
1148 1139 1238 1211 incli-

207 1257 294 1326 nato,
309 1257 341 1310 et
353 1241 542 1318 abundantitl
554 1241 737 1336 gratiarum.

249 1335 394 1406 Ducendi
408 1341 482 1431 qu'o,
500 1353 529 1407 ct
543 1335 699 1430 quomodo
712 1335 826 1427 gratia,
845 1333 1000 1404 excitandi
1016 1350 1236 1426 consequenter

206 1431 249 1502 acl
262 1433 494 1502 meditationem
507 1431 671 1505 veritatum
685 1430 784 1501 indoli
799 1444 830 1498 et
842 1429 951 1521 gratiae
965 1426 1158 1523 particulari,
1173 1431 1235 1520 qut

206 1528 376 1610 donantur,
399 1527 664 1606 convenientium,
685 1551 755 1620 quae
776 1550 864 1622 spem
877 1525 927 1592 vel
941 1524 1086 1593 timorem
1099 1523 1235 1606 tribuat,
1343 1587 1346 1592 .

206 1623 345 1691 animum
357 1640 480 1715 gratum
494 1639 525 1690 et
537 1648 675 1696 amorem
689 1649 802 1717 purum
822 1637 948 1712 augeat,

249 1717 335 1786 Unio
350 1745 419 1786 cum
432 1718 503 1787 Deo
514 1716 680 1788 habitualis
691 1716 824 1785 multum
835 1716 884 1785 his
898 1715 1154 1791 commendanda,
1169 1739 1235 1782 ora-

207 1814 367 1907 tionesque
379 1813 569 1902 jaculatoriae
581 1813 654 1882 inde
663 1811 808 1893 fluentes;
824 1813 879 1881 secl
892 1815 1067 1906 praesertim
1077 1808 1238 1885 humilitas

151 1967 154 1974 .
207 1910 275 1979 sine
292 1912 355 2003 qul
374 1909 494 1980 larvata
517 1910 617 1980 omnis
631 1908 781 2006 perfectio
803 1924 859 1977 est.
889 1907 1021 1976 Nullum
1043 1905 1095 1974 rel
1117 1904 1238 1975 veniale

137 2039 140 2046 ¹
155 1999 164 2070 ζ
207 2022 368 2102 peccatum
381 2005 472 2100 plene
487 2007 694 2082 deliberatum
706 2005 745 2074 iis
760 2004 826 2073 sine
838 2000 927 2073 suavi
938 2001 1147 2104 increpatione
1159 2026 1238 2102 prae·

206 2100 408 2170 termittauu.
429 2101 469 2168 Si
479 2100 624 2170 im'mr'cus
638 2123 743 2179 meus,
760 2115 820 2168 erc.

250 2195 287 2263 Si
299 2220 362 2262 non
374 2195 548 2296 proficiant,
562 2197 661 2283 minas
672 2219 725 2263 eos
738 2193 780 2272 acl
788 2193 885 2263 alium
896 2191 1039 2262 mittendi
1049 2191 1177 2261 intentet
1190 2194 1218 2260 e'

116 2333 120 2340 ·
207 2289 423 2360 confessarius.
441 2286 531 2358 Raro
544 2305 722 2383 exequatur.
1195 2299 1201 2316 '

250 2381 508 2452 Communiouem
532 2407 591 2478 pro
603 2381 825 2479 prolectuplits
835 2380 977 2454 minusve
984 2383 1180 2485 frequentem
1190 2380 1238 2450 eis

207 2478 366 2587 permittet
375 2479 461 2574 [56].
537 2481 541 2488 '
615 2479 618 2486 ⁴
767 2477 770 2485 ’

683 2621 760 2690 srv.

450 2784 511 2834 cum
517 2783 619 2846 pletatis
629 2784 733 2834 sormam
741 2779 820 2832 sotum
829 2783 989 2836 habentibus.

126 2929 133 2944 ’
249 2947 322 3033 703.
340 2942 457 3020 Raro,
473 2935 753 3033 aliquandlrtamen
764 2939 1236 3012 inveniturinmasculis‘atlum‘

205 3037 296 3116 lrrata
310 3065 363 3108 seu
377 3038 510 3108 mendax
523 3035 621 3130 pietas
637 3035 763 3127 (suessa
777 3035 955 3122 deterior).
980 3037 1188 3131 Frequentius
1201 3035 1238 3104 in

205 3134 354 3206 foemineo
368 3157 460 3214 sexu;
484 3131 583 3201 rarius
596 3145 701 3200 tamen
715 3134 810 3224 quam
825 3130 945 3202 dicunt.

248 3228 286 3300 ln
298 3229 358 3300 lroc
372 3228 509 3300 consistit
523 3227 708 3296 adumbrata
717 3226 828 3321 pietas,
844 3229 929 3321 quocl
941 3228 998 3297 sub
1009 3230 1160 3323 praetextu
1172 3228 1241 3323 pie.

205 3325 298 3406 tatis,
315 3325 531 3394 exercitiorum
542 3338 595 3391 aut
605 3322 851 3416 frequentiorum
865 3340 992 3392 autnon
1006 3323 1216 3392 communium
1225 3371 1244 3400 ,.

152 3453 159 3463 ·
194 3420 256 3513 'vel
269 3417 418 3487 uirtutum
432 3418 639 3514 quarumdam
652 3420 777 3514 praxis,
793 3422 897 3490 eaeteri
911 3436 1112 3514 spernantur,
1128 3420 1171 3489 de
1184 3446 1234 3489 eo·

206 3537 277 3581 rum
290 3512 428 3582 moribus
441 3530 608 3608 quaeratur,
631 3515 815 3608 suspicetur,
830 3516 996 3607 judicetur,
1013 3514 1171 3608 multaque
1183 3539 1236 3581 ue

205 3608 362 3702 gligantur
373 3609 416 3676 ad
430 3610 560 3679 salutem
579 3625 631 3678 aut
642 3608 817 3677 neccssaria
835 3625 888 3678 aut
904 3611 1038 3678 multum
1055 3607 1164 3690 utilia,
1179 3607 1236 3672 ltu-

205 3704 340 3787 militas,
358 3704 528 3796 subjectio,
543 3703 693 3800 patientia
707 3717 739 3772 et
753 3704 919 3800 aliquando
932 3705 1000 3798 ipsa
1011 3703 1153 3782 castitas,
1169 3715 1233 3772 etc.
1284 3701 1289 3710 '

246 3798 424 3870 *Veritatem
437 3800 486 3868 his
497 3827 560 3869 non
571 3798 741 3869 abscondat
754 3799 970 3881 confessarius,
985 3797 1172 3865 anxietatem
1182 3796 1235 3866 de·

206 3911 365 3982 monstret,
381 3897 445 3994 im'o
455 3897 503 3985 (si
514 3914 618 3968 tamen
631 3920 682 3992 ros
698 3894 750 3990 it'n
756 3893 831 3981 sit),
845 3896 952 3985 apert'e
962 3891 1047 3994 dicat
1057 3889 1234 3984 illusionem
