2926 4680
1080 170 1092 188 ,θ

1066 210 1076 222 Ι

221 331 225 340 ¹
555 233 884 314 nararuouns
1042 332 1047 340 Ι
1149 227 1219 332 dlt'y'

190 344 406 418 dinanensis.
426 341 492 415 Sed
504 369 566 414 non
579 346 776 441 praesumitur
792 344 820 414 si
833 345 955 431 hanna,
969 345 1036 421 sine
1056 345 1223 440 dispensa-

121 516 125 528 ,
190 446 286 529 tione,
300 443 415 527 omissa
427 458 500 513 emt
1007 441 1009 450 ’

229 543 266 619 d’
286 537 527 608 Mitrimonium
538 537 579 607 sit
592 549 849 621 consummatum,
867 550 933 619 aut,
949 561 987 605 eo
1004 560 1067 604 nou
1081 561 1222 605 consum·
1266 601 1273 608 t

190 651 286 720 mato,
310 650 419 704 neuter
441 649 547 730 aptum
564 659 602 702 sc·
613 633 728 702 sentiat
745 647 775 700 et
798 645 942 702 vocatum
963 633 1004 700 ad
1025 631 1219 723 religionem,-

191 748 222 803 et
235 733 287 815 sit,
301 731 336 799 in
348 732 439 798 mord
450 729 686 825 dispensationis
699 729 876 824 pontificiae,
898 729 1070 824 periculum
1083 729 1226 800 inconti-·

189 827 313 896 nentiae.
328 826 418 895 Raris
431 825 531 895 abest.

232 928 266 990 5⁰
282 921 394 990 Partes
408 919 547 1014 separari
560 931 714 1010 nequeant
722 917 839 1010 absque
852 917 1010 988 scandalo.
1032 918 1135 988 Raris}

203 1060 206 1067 -
232 1022 267 1086 6⁰
280 1017 315 1086 N
316 1042 356 1084 on
364 1016 404 1085 'sit
416 1016 457 1083 ad
469 1014 603 1110 Papam,
616 1027 668 1082 aut
679 1016 744 1106 ejus
755 1012 904 1104 legatum,
913 1039 1054 1084 recursus
1061 1015 1235 1082 moraliter-

189 1112 358 1209 possibilis,
374 1112 414 1180 ob
423 1126 657 1206 paupertatem,
673 1137 705 1177 v.
725 1135 788 1202 gr„
807 1110 947 1195 locorum
960 1109 1152 1192 distantiam,
1167 1137 1223 1204 pe-

190 1208 322 1276 riculum
332 1206 582 1288 incontinentiae,
596 1205 744 1272 timorem
756 1205 941 1299 prudentem
953 1231 993 1274 no
1008 1232 1086 1274 unus
1101 1205 1222 1274 crimen

189 1301 316 1372 alterius
345 1302 518 1398 suspicetur
545 1315 598 1368 aut
617 1298 759 1368 deflectat
782 1305 802 1368 a
827 1300 989 1396 proposito
1017 1300 1221 1370 contrahendi

190 1397 307 1483 denuit,
323 1400 394 1468 ciam
407 1395 513 1465 nmen
526 1396 560 1464 id
576 1395 815 1490 expediattd).¹
860 1393 863 1400 ’
1138 1459 1142 1468 .

170 1623 172 1629 ,
220 1573 257 1639 (o)
267 1574 377 1625 Potestas
392 1571 445 1623 hac
456 1573 600 1623 conceditur
610 1574 736 1635 Episcopie
754 1575 781 1624 in
791 1575 896 1625 indultis
907 1589 963 1638 quas
978 1575 1009 1626 ad
1019 1588 1062 1625 eos
1071 1577 1232 1638 manontes„—

189 1645 233 1694 eed
242 1643 319 1694 multo
330 1644 449 1704 amplior,
463 1640 520 1692 erim
532 1643 565 1690 iu
576 1643 679 1693 indultis
690 1645 758 1692 nulla
769 1645 811 1694 dat
822 1646 915 1694 mentio
926 1645 1162 1705 conditionemque
1172 1644 1222 1694 uni

189 1725 319 1762 occurrere
331 1713 436 1771 dehent,
448 1713 476 1759 ut
486 1712 600 1772 Episcopi
610 1713 705 1760 virtute
716 1713 838 1762 ordinarii
851 1715 892 1762 his
906 1715 1048 1776 dispensare
1059 1716 1158 1775 queant.
1223 1723 1225 1726 ·

138 1797 144 1814 s
221 1779 257 1843 (b)
268 1781 397 1828 Occultum
413 1780 542 1839 censetur,
555 1776 627 1837 iuxtd
644 1782 743 1840 plures,
754 1784 818 1842 qued
827 1797 876 1832 non
886 1785 934 1831 nisi
945 1786 1009 1844 tres,
1019 1784 1138 1843 quatuor,
1147 1784 1225 1842 qnin-

189 1860 272 1910 queve
289 1847 316 1894 in
336 1847 390 1895 loco
400 1847 524 1897 ordinario
531 1879 541 1907 ,
555 1849 596 1895 vet
607 1849 693 1896 decem
707 1847 848 1898 incivitate
858 1853 964 1911 norunt,
975 1854 1015 1900 rei
1028 1852 1092 1912 quod
1102 1851 1222 1898 oblivioni

189 1915 371 1977 mortemon,
390 1915 439 1962 nisi
450 1915 524 1974 pauci
542 1915 585 1974 qui
598 1915 660 1962 iliud
670 1911 750 1964 adhri'c
769 1917 851 1964 sciunt
861 1918 952 1978 garruli
963 1919 1014 1966 sint
1022 1920 1049 1966 et
1062 1918 1228 1970 detractores..

190 1985 239 2034 Sed
250 1983 375 2032 occultum
384 1994 435 2030 non
445 1983 561 2030 censetur
570 1983 637 2041 quod
645 1995 678 2029 ex
689 1984 799 2044 registris
808 1986 908 2048 probari
916 1986 1007 2045 potest.
1071 2041 1073 2046 ,
1227 1985 1232 1996 “

221 2052 334 2100 Attamen
346 2051 373 2099 in
384 2049 561 2110 impedimento
579 2051 676 2098 notorio
687 2051 764 2111 iacto,
775 2053 806 2099 oh
818 2053 910 2102 multas
923 2053 1186 2113 circumeuntesque
1194 2056 1224 2104 ln

190 2133 250 2171 casu
259 2119 395 2168 reddebant
409 2130 536 2166 recursum
555 2118 586 2166 ad
601 2120 691 2178 Papam
702 2120 829 2167 moraliter
839 2120 1032 2181 impossibilem,
1042 2121 1184 2182 dispensare
1195 2135 1223 2172 eo

189 2201 260 2253 posse
269 2184 427 2249 publictrunt
436 2197 500 2242 anpo
509 2185 584 2248 itti,
594 2187 681 2237 vicarii
693 2188 842 2248 capitulares
849 2189 988 2252 Bisuntini,
998 2190 1056 2239 sede
1064 2191 1176 2240 recente.

161 2307 166 2315 ,
220 2253 362 2307 Sie'innon
372 2254 469 2303 occuito
485 2253 628 2315 dispensare
643 2253 752 2304 maximis
770 2253 827 2318 erga
841 2269 963 2318 pauperes
979 2259 1221 2322 possunt-Episcopi,

189 2325 303 2388 quamvis
313 2319 452 2384 rarissime,
460 2323 578 2384 inquiunt
587 2324 681 2385 plures,
692 2327 719 2374 et
727 2323 1221 2387 modoadsitperionlumsincoutineutiae.

193 2395 273 2511 mdis
282 2393 441 2510 mgm
454 2391 556 2442 Sedhee
567 2387 651 2442 sonui
664 2394 826 2444 Benedictrnn
840 2397 1137 2461 muneremunere,
1152 2400 1178 2448 ct
1190 2401 1222 2448 ad

191 2464 243 2512 min
282 2473 335 2512 non
374 2463 436 2510 tum.
762 2461 763 2464 ’

222 2529 255 2594 tc)
267 2531 363 2580 Sufficit
372 2532 462 2578 bonam
478 2527 554 2577 tidem
572 2527 648 2577 tuisse
659 2528 687 2576 in
697 2529 832 2589 alterutro,
844 2523 917 2591 inuti
926 2527 1036 2582 nudes
1045 2535 1102 2592 post
1110 2534 1222 2584 salman·
1230 2575 1237 2598 ,J

191 2601 306 2649 ticcnees.
317 2593 354 2646 lta
365 2601 442 2646 etiam
452 2595 583 2658 disciplina
598 2597 736 2646 Bieuattna.

223 2666 373 2730 (dividetur
385 2665 498 2714 ultimam
517 2667 582 2714 haue
601 2665 768 2715 conditionem
779 2665 866 2713 deesse
886 2661 973 2713 saitem
989 2664 1120 2726 aliquando
1135 2681 1221 2730 posse,
1311 2715 1315 2730 ,

191 2738 228 2796 ei,
239 2751 265 2784 v.
273 2749 321 2797 gn,
331 2735 457 2796 supposito
466 2729 532 2796 quor
543 2733 583 2781 vir
601 2732 807 2794 impedimentum
818 2733 885 2782 solus
902 2733 1001 2794 noscat,
1010 2747 1076 2784 uxor
1085 2747 1133 2782 non
1145 2737 1222 2787 soleat

192 2807 278 2867 petere
295 2803 426 2863 debitum,
438 2815 488 2853 neo
502 2801 566 2853 illud
583 2801 741 2862 desiderare,
752 2803 779 2850 et
795 2802 835 2850 vir
844 2802 898 2862 ipse
915 2801 994 2862 possit
1009 2798 1083 2850 tacitis
1094 2805 1232 2868 continere.

192 2869 269 2936 amuis
279 2866 364 2929 diruta
374 2869 451 2920 Roma
460 2871 597 2932 recipiatur
607 2870 768 2931 dispensatio.
783 2871 873 2919 careat
881 2869 965 2918 tamon
974 2870 1136 2922 confessarius
1146 2887 1177 2920 ne
1188 2889 1222 2922 ex

191 2941 281 2992 tinore
291 2937 404 2992 ostoun
413 2937 840 3008 condidonum,iuimpendentiam
850 2937 931 2988 cadat·
1214 2955 1219 2972 ·

583 3106 829 3156 intremuere.

121 3252 126 3259 ⁴
193 3229 704 3321 tte,emete,tupertteum,oispenssnu
721 3231 949 3319 atimpedimentte
967 3246 1152 3310 matrimonium
1161 3262 1222 3312 diri·

212 3341 215 3348 ’
556 3326 681 3376 mentibus
690 3324 755 3390 [tid
765 3325 820 3388 itt,
830 3323 889 3390 n].*

235 3483 310 3548 862.
327 3491 359 3543 ι·
371 3476 526 3588 Angustia
537 3474 600 3544 loci
612 3476 645 3544 iu
656 3501 718 3571 quo
728 3491 834 3546 manet
844 3492 875 3548 et
886 3502 1012 3560 manere
1023 3477 1116 3548 debet
1129 3505 1221 3575 spon·
1303 3558 1306 3566 ¹

194 3599 246 3658 sa,
260 3588 292 3642 et
303 3571 358 3640 ubi
372 3596 458 3666 parre
476 3570 661 3641 conditionis
681 3570 798 3657 virum,
812 3587 929 3666 prater
944 3573 1218 3667 consanguineum,

135 3697 139 3704 ’
193 3693 252 3738 nec
263 3665 396 3750 invenit,
409 3692 467 3736 nec
481 3669 551 3734 anti
565 3689 679 3736 annum
693 3673 734 3748 at,
747 3667 959 3739 verisimiliter
971 3668 1106 3739 inveniet
1115 3671 1176 3755 (d).

237 3776 271 3869 ,³⁸
284 3757 382 3834 ΗΜ
398 3759 510 3860 puellae
531 3785 645 3832 anuum
667 3767 707 3846 at
731 3762 919 3853 medentia,
943 3787 1016 3859 qun
1036 3763 1098 3835 hire
1122 3769 1231 3861 :aspre
