2974 4678
209 333 215 344 ·
268 311 338 383 rte
519 291 574 386 oa
596 320 776 388 sarrano
798 333 1049 389 annosaru-

261 417 419 478 mandatum,
437 408 582 479 tonsilium,
594 423 652 480 etc,
664 423 713 470 tuit
728 423 852 484 spretum
870 425 928 473 tuuc
937 425 1004 472 euim
1018 423 1168 474 nullatenus
1177 423 1292 486 induxit,

202 511 209 530 a
260 487 419 537 attuttsicut
429 488 451 538 sl
461 501 510 537 aon
526 490 622 539 luisset.
634 491 683 539 Sed
700 484 760 540 laisa
772 492 871 542 videtur
881 494 902 542 si
921 494 1007 552 agatur
1026 494 1057 542 de
1071 493 1120 541 alio
1136 496 1293 554 cooperatore

260 555 332 614 cutus
339 556 461 614 auxilium
472 558 605 613 admissum
614 563 666 621 est,
676 563 788 622 quamvis
796 576 844 610 nou
851 563 1027 624 necessarium,
1038 565 1098 626 quia
1110 564 1159 624 egit
1170 577 1227 618 cnm
1237 563 1294 612 aliis

259 624 291 672 ad
301 629 362 686 opus
373 626 531 688 iniustum,r.
541 641 577 688 pr.
589 629 620 676 ad
631 631 801 690 asportandam
812 633 987 697 trabemquam
999 634 1052 681 siue
1061 633 1293 694 ipsoasportesseut.

260 693 328 742 idem
340 695 457 744 etiam'do
469 695 521 756 ipso
532 697 672 758 mandante,
684 701 838 759 consulente,
850 701 871 748 si
883 699 941 749 verb
953 701 1111 751 influxerint.
1120 698 1190 750 Unde
1201 704 1228 750 ut
1237 715 1294 748 coo

214 789 219 798 ·
259 764 385 821 peratores
405 764 538 813 teneantur
551 767 582 813 ad
592 768 774 816 restitutionem
792 781 842 820 non
861 781 964 818 necesse
983 772 1021 818 est
1035 769 1191 831 qubdcausae
1202 767 1294 818 tuerint

232 884 235 893 ¹
258 833 405 896 necessariae
416 833 501 892 iniusti
513 835 603 894 operis.
883 835 886 838 ’
1210 835 1213 842 “

289 897 395 950 Facilius
415 906 498 952 tamen
521 906 559 952 sui
582 903 692 953 influxus
717 904 919 954 condonationem
944 906 1069 954 oblineret
1088 906 1131 966 qui
1151 917 1224 954 causa
1244 911 1292 952 uon

259 968 347 1021 luisset
358 974 509 1034 necessaria,
520 974 609 1022 saltem
623 974 659 1034 si,
670 973 699 1022 ut
708 970 787 1034 saepe,
799 973 989 1023 circumstantiae
1001 975 1050 1022 sint
1059 977 1129 1036 quasi
1147 974 1295 1023 excusantes

259 1039 302 1086 aut
318 1041 468 1089 minuentes.
600 1037 602 1048 '
1301 1047 1304 1054 '

288 1109 389 1172 Quaeres
402 1111 428 1157 2⁰
438 1109 537 1172 adquid
556 1111 672 1159 tencatur
689 1109 732 1172 qui
742 1110 773 1158 ad
783 1111 862 1158 solum
879 1110 979 1158 modum
995 1109 1122 1168 brinstitiae
1133 1105 1292 1168 nullatenus,

258 1188 305 1226 nee
317 1176 411 1228 directe
422 1193 469 1227 nec
488 1177 610 1228 indirecte
621 1181 777 1240 damnosum3
789 1181 829 1228 vel
840 1180 871 1227 ad
885 1192 938 1227 eam
950 1175 1024 1227 citius
1040 1179 1195 1228 inferendam
1206 1186 1301 1237 coope·.

259 1245 527 1310 1·atusest,supposite
541 1247 607 1310 qued
622 1245 698 1296 causa
709 1262 763 1310 quaa
779 1249 832 1308 jam
851 1248 1017 1297 determinata
1033 1245 1105 1306 erat,
1115 1257 1164 1292 uon
1175 1245 1295 1294 mutasset

256 1316 427 1374 proposituras

290 1384 326 1431 rid
337 1385 401 1435 nihil
413 1387 527 1445 tenetur,
537 1385 669 1445 respondet
678 1387 709 1432 l).
721 1387 842 1445 Thomas,
854 1385 879 1432 et
890 1385 926 1432 sic
936 1384 1034 1444 plures,
1045 1383 1103 1444 quia
1113 1382 1169 1441 talis
1180 1381 1206 1428 iu
1217 1381 1295 1438 iujus-¹

259 1450 321 1499 titiae
331 1455 546 1502 substantiamnou
557 1455 666 1502 influxit.
676 1455 796 1502 Adderem
807 1467 814 1500 r
826 1456 852 1502 et
863 1453 1078 1514 quiamodns,ctsi
1086 1451 1229 1511 conjunctus
1237 1455 1295 1496 cuni

261 1519 383 1583 injustitia
403 1522 510 1580 injustus
528 1523 576 1582 sit,
588 1523 712 1582 possitque
724 1521 755 1569 ad
773 1523 882 1582 aliquam
900 1522 1092 1570 satisfactionem
1108 1521 1215 1579 obligare
1223 1553 1232 1587 ,Ι
1244 1531 1295 1567 uon

258 1583 343 1636 tamen
354 1590 385 1638 ud
396 1591 579 1648 restitutionem
590 1593 681 1639 neerei
693 1592 719 1638 in
730 1605 756 1639 se
767 1604 813 1638 nec
825 1591 923 1651 damni,
935 1603 992 1639 cnm
1006 1592 1157 1650 supponatur
1167 1602 1216 1637 nou
1227 1589 1295 1637 dana

260 1667 342 1704 nesus.
353 1657 378 1706 Si
390 1659 521 1709 damnosus
530 1660 608 1717 esset,
621 1659 684 1706 toret
694 1658 875 1708 restituendum
887 1659 1111 1721 proportionaliter.
1161 1699 1162 1704 ,

290 1722 419 1775 Affirmant
434 1723 448 1775 ὁ
460 1722 544 1776 contria
555 1728 613 1786 alii,
625 1736 729 1787 quorum
750 1729 892 1788 opinionem
907 1729 967 1776 tuuc
984 1725 1254 1792 communiorem'dicit
1264 1725 1295 1777 n.

259 1791 338 1854 Dens,
350 1796 392 1856 qui
405 1809 459 1849 earn
476 1797 635 1855 amplectitur
644 1798 670 1845 at
685 1797 778 1857 obligat
795 1797 924 1846 adtotum.
939 1798 1011 1845 ilatio
1027 1811 1113 1845 eorum
1123 1797 1161 1845 est
1170 1794 1236 1856 qued
1246 1795 1296 1842 due

259 1861 310 1909 sint
320 1868 494 1913 concurrentes
506 1864 537 1911 ad
546 1865 709 1925 injustitiam,
719 1877 794 1925 aperus
802 1865 827 1912 et
838 1878 985 1926 cooperans,
997 1863 1057 1914 licet
1067 1864 1228 1913 inefficaciter
1239 1876 1295 1910 coo-
1392 1879 1400 1894 ν

259 1930 363 1990 peretur
371 1926 452 1991 quoad
462 1933 623 1980 substantiam
630 1927 788 1983 abstractive.
795 1935 937 1994 Consulens,
943 1947 967 1982 v.
974 1947 1021 1994 pn,
1028 1945 1078 1981 uon
1085 1932 1191 1981 consulit
1197 1931 1296 1978 morium

260 1997 389 2058 injustitiae
408 2000 575 2060 abstractum,
595 2002 641 2050 sed
652 2002 799 2060 injustitiam
818 2005 862 2052 tali
879 2005 966 2064 modo,
978 2001 1088 2063 adeoque
1099 2014 1148 2049 nou
1159 2002 1186 2048 in
1196 1999 1297 2048 modum

260 2063 371 2128 nutem,
383 2069 426 2117 scd
438 2065 550 2117 etiamin
562 2071 723 2119 substantiam
733 2073 838 2120 actionis
856 2073 953 2134 intluit,
965 2085 1020 2134 quae
1030 2072 1094 2121 ratio
1112 2071 1230 2119 comcidit
1240 2079 1296 2116 cum

261 2134 356 2183 ratione
368 2136 543 2185 affirmantium
555 2139 581 2184 in
593 2140 743 2198 praecedenti
755 2141 899 2200 quaestione.

292 2205 335 2250 uae
345 2204 453 2252 rationes
464 2205 527 2254 mihi
544 2205 662 2254 videntur
673 2210 698 2255 et
713 2209 773 2268 ipsae
784 2204 890 2256 multum
911 2209 1048 2255 abstractae.
1070 2206 1222 2254 Probabilior
1240 2197 1297 2262 erg'o

260 2274 363 2330 apparet
373 2271 403 2318 n.
414 2273 513 2320 ‘rhomae
522 2275 646 2321 sententia
657 2287 665 2320 a
676 2287 790 2334 negarem
802 2278 870 2322 enim
881 2276 976 2322 dietum
994 2276 1179 2333 cooperatorem
1191 2273 1296 2318 inlinere

261 2339 287 2386 in
299 2338 461 2386 substantiam
473 2340 614 2399 injustitiae3
625 2353 674 2388 non
685 2343 752 2388 enim
765 2354 819 2388 eam
830 2343 945 2400 consulit,
951 2342 994 2388 sed
1005 2341 1105 2389 modum
1117 2338 1171 2396 ejus
1182 2341 1223 2385 aut
1234 2339 1297 2384 teru-
1348 2346 1352 2354 ·

261 2419 316 2467 pus.
328 2406 511 2454 advertendum
521 2408 604 2456 tamen
614 2407 717 2458 difficile
736 2409 845 2468 aliquem
856 2421 910 2457 asse
925 2409 1020 2456 certum
1030 2421 1057 2456 se
1067 2419 1117 2454 non
1126 2405 1258 2453 intinxisse
1268 2405 1296 2452 in

260 2475 390 2533 injustitiae
403 2475 575 2522 substantiam.

276 2549 278 2556 “
291 2544 391 2602 Quaeres
398 2541 424 2590 5ο
434 2555 465 2590 an
475 2546 645 2603 cooperatores
652 2545 696 2604 qui
705 2558 753 2593 nou
764 2544 866 2594 tueramt
876 2555 955 2592 causac
960 2543 1105 2592 necessariae
1110 2543 1153 2592 aut
1163 2541 1250 2590 totilas
1259 2539 1298 2588 in·

262 2612 377 2676 iustitia,
393 2612 525 2660 tencantur
541 2611 572 2659 ad
586 2613 770 2668 restitutionem
781 2615 807 2660 iu
822 2613 942 2671 solidum,
954 2625 999 2660 seu
1010 2625 1126 2673 unuspro
1134 2611 1183 2659 aliu
1193 2611 1236 2672 qui
1247 2619 1296 2676 non

262 2683 317 2730 vult
330 2683 373 2730 aut
391 2691 440 2727 uon
459 2680 539 2738 potest
550 2693 619 2728 suam
639 2683 735 2741 partem
756 2683 888 2732 restituere
900 2679 984 2744 [tt52],
1001 2683 1026 2730 in
1045 2681 1213 2742 suppositione
1231 2677 1297 2741 qubd

262 2751 387 2801 communi
397 2750 578 2808 conspiratione
593 2751 701 2811 egerint,
713 2765 738 2800 v.
750 2765 797 2813 pn,
807 2753 931 2800 communi
943 2753 1054 2810 consilio,
1067 2763 1196 2809 consensu,
1208 2747 1296 2810 operi,

175 2846 177 2850 .
261 2819 371 2876 auxilio,
382 2816 542 2876 considentii,
553 2819 652 2866 uincam
664 2820 828 2882 deuastdriut,
840 2822 896 2868 aliis
907 2821 1100 2872 consulentibus.
1111 2820 1168 2868 aliis
1177 2819 1296 2878 adjuvau-

260 2889 343 2944 tibus,
354 2887 410 2934 aliis
421 2887 539 2944 excubias
550 2889 697 2948 apsntibus?

292 2947 393 3014 Plrrrcs,
404 2955 470 3002 iuter
480 2968 541 3015 qnos
552 2957 644 3015 beluae
655 2990 662 3015 ,
673 2953 787 3016 negative
798 2957 948 3019 respondent
959 2956 1013 3018 pest
1024 2957 1075 3004 Di).
1084 2956 1201 3002 'illamam
1213 2957 1238 3003 ct
1249 2956 1299 3002 Ari-

214 3033 219 3042 ·
260 3025 389 3084 touiunm,
407 3023 465 3084 quia
483 3025 595 3083 quamvis
612 3024 761 3075 induxerint
777 3026 804 3074 iu
824 3027 982 3086 totum‚uou
1001 3025 1155 3072 influxerunt
1175 3022 1298 3073 totalitate

196 3095 207 3105 '
249 3106 351 3142 cause.
363 3087 432 3141 Unde
443 3089 533 3151 praeter
543 3093 639 3154 partem
649 3105 719 3141 suain
730 3095 847 3143 tenentur
867 3091 947 3142 solitm
957 3094 985 3142 in
995 3091 1114 3154 quaultim
1124 3092 1229 3150 judicari
1242 3105 1298 3152 po*-

264 3164 315 3217 test
326 3162 390 3224 quot
401 3157 427 3208 iu
445 3161 562 3209 munuum
580 3159 611 3210 ab
621 3161 678 3216 aliis
696 3164 794 3212 illatum
813 3163 967 3212 induxerint.
984 3157 1298 3221 reverberarentur

263 3234 380 3280 tenentur
390 3231 438 3280 uisi
451 3231 476 3278 iu
486 3229 606 3291 quantiam
617 3231 675 3280 suut
686 3245 775 3292 causae,
787 3232 813 3280 et
824 3233 936 3295 quamvis
944 3233 1060 3280 damuum
1071 3231 1134 3278 leret
1145 3229 1297 3280 indivisibile

264 3301 293 3348 ut
304 3301 397 3349 turtum
409 3301 481 3361 equi,
492 3300 608 3360 obligatio
620 3299 682 3349 illud
692 3302 823 3362 reparandi
842 3301 973 3362 respondet
988 3299 1110 3360 iussuxui,
1122 3312 1171 3347 nou
1183 3299 1297 3357 attactui,

263 3370 377 3428 quamne
393 3378 437 3428 pre
455 3369 568 3418 omnibus
587 3369 667 3417 totali.
678 3365 785 3419 Aliunde
795 3371 942 3430 sequeretur
951 3369 1090 3431 quemlibet
1110 3369 1217 3417 militem
1227 3379 1298 3416 exer·

265 3435 330 3550 egris
340 3438 384 3496 qui
392 3436 487 3483 viribus
498 3437 635 3496 conjunctis
644 3451 718 3499 grave
730 3439 846 3488 damarum
857 3439 957 3499 intulit,
967 3439 994 3486 iu
1005 3439 1113 3488 solidum
1125 3436 1204 3486 teneri
1215 3468 1222 3494 ,
1233 3433 1298 3496 quod

265 3514 280 3550 a
297 3503 363 3550 mitti
379 3504 474 3564 nequit.
788 3549 791 3554 .

295 3573 343 3620 Alii
354 3569 413 3618 vero
430 3571 503 3619 multi
521 3573 547 3621 et
561 3563 661 3635 mres,
672 3575 779 3634 lloiirru,
798 3576 913 3635 Sylvius,
926 3576 1043 3635 Esparaa,
1058 3573 1180 3630 Grandin,
1191 3572 1218 3618 P.
1233 3569 1295 3616 Gab.

266 3640 433 3700 tut.,collot,
451 3641 570 3702 Btlluart,
581 3641 774 3704 Bailly,'llreet.
794 3647 898 3702 lectam,
915 3645 974 3703 ele,
992 3655 1041 3690 nou
1059 3639 1214 3698 distinguunt
1230 3638 1298 3684 iuter

267 3721 351 3757 causan
359 3710 446 3758 tetales
455 3711 577 3760 totalitate
588 3723 683 3770 cause,
692 3713 717 3760 ct
727 3713 815 3760 totalcs
825 3712 946 3761 totalitate
955 3709 1070 3768 electiles
1079 3709 1121 3758 sed
1132 3720 1161 3755 co
1172 3708 1224 3766 ipso
1232 3704 1297 3767 quod

267 3779 403 3827 communis
418 3778 456 3826 est
466 3780 628 3840 conspiratio,
639 3791 724 3829 omnes
734 3780 844 3839 obligant
854 3781 880 3828 in
891 3779 1009 3836 solidum,
1020 3779 1079 3838 quia
1088 3778 1117 3823 iu
1132 3777 1209 3824 totam
1221 3775 1295 3834 inius-

266 3847 349 3896 titiam
357 3847 445 3908 sinpuli
457 3847 793 3908 iutiuxemnt,clquamdam
804 3848 870 3896 iuter
878 3859 904 3895 se
916 3847 1135 3894 iacereccuscutur
1143 3845 1296 3892 societatem.

268 3916 365 3966 tddnul
376 3929 383 3963 r
396 3929 429 3964 ex
446 3928 477 3964 eo
486 3913 552 3980 qued
561 3928 610 3966 nou
620 3917 670 3965 sint
683 3915 773 3978 singuli
787 3928 868 3964 causae
881 3916 983 3974 letales,
1005 3915 1118 3976 sequitur
1135 3908 1214 3963 solem
1231 3907 1299 3976 qued
